%% This BibTeX bibliography file was created using BibDesk.
%% http://bibdesk.sourceforge.net/

%% Created for Evan Kaufman at 2018-06-08 16:40:03 -0400 


%% Saved with string encoding Unicode (UTF-8) 



@inproceedings{MauDakPet14,
	Address = {Cape Town, South Africa},
	Author = {Ivan Maurovi{\'c} and Marja Dakulovi{\'c} and Ivan Petrovi{\'c}},
	Booktitle = {Proceedings of the 19th World Congress},
	Date-Added = {2018-06-07 01:37:03 +0000},
	Date-Modified = {2018-06-07 01:41:07 +0000},
	Month = {August},
	Pages = {10188--10193},
	Publisher = {The International Federation of Automatic Control (IFAC)},
	Title = {Autonomous Exploration of Large Unknown Indoor Environments for Dense 3D Model Building},
	Year = {2014},
	Bdsk-File-1 = {YnBsaXN0MDDUAQIDBAUGJCVYJHZlcnNpb25YJG9iamVjdHNZJGFyY2hpdmVyVCR0b3ASAAGGoKgHCBMUFRYaIVUkbnVsbNMJCgsMDxJXTlMua2V5c1pOUy5vYmplY3RzViRjbGFzc6INDoACgAOiEBGABIAFgAdccmVsYXRpdmVQYXRoWWFsaWFzRGF0YV8QbVJlZmVyZW5jZWQgUGFwZXJzL0F1dG9ub21vdXMgRXhwbG9yYXRpb24gb2YgTGFyZ2UgVW5rbm93biBJbmRvb3IgRW52aXJvbm1lbnRzIGZvciBEZW5zZSAzRCBNb2RlbCBCdWlsZGluZy5wZGbSFwsYGVdOUy5kYXRhTxEC7AAAAAAC7AACAAAJQVBQTEUgSEREAAAAAAAAAAAAAAAAAAAAAAAA1HCB+kgrAAAAceJtH0F1dG9ub21vdXMgRXhwbG9yYXRpI0I3ODU5My5wZGYAAAAAAAAAAAAAAAAAAAAAAAAAAAAAAAAAAAAAAAAAAAC3hZPXPFn1AAAAAAAAAAAAAQADAAAJIAAAAAAAAAAAAAAAAAAAABFSZWZlcmVuY2VkIFBhcGVycwAAEAAIAADUcMhKAAAAEQAIAADXPJI1AAAAAQAcAHHibQAMtxkADLUQAAy07wAMqa4ABoa7AAYwNQACAHhBUFBMRSBIREQ6VXNlcnM6AGV2YW5rYXVmbWFuOgBHb29nbGUgRHJpdmU6AEZEQ0w6AEV2YW46AFB1YmxpY2F0aW9uczoAUmVmZXJlbmNlZCBQYXBlcnM6AEF1dG9ub21vdXMgRXhwbG9yYXRpI0I3ODU5My5wZGYADgC4AFsAQQB1AHQAbwBuAG8AbQBvAHUAcwAgAEUAeABwAGwAbwByAGEAdABpAG8AbgAgAG8AZgAgAEwAYQByAGcAZQAgAFUAbgBrAG4AbwB3AG4AIABJAG4AZABvAG8AcgAgAEUAbgB2AGkAcgBvAG4AbQBlAG4AdABzACAAZgBvAHIAIABEAGUAbgBzAGUAIAAzAEQAIABNAG8AZABlAGwAIABCAHUAaQBsAGQAaQBuAGcALgBwAGQAZgAPABQACQBBAFAAUABMAEUAIABIAEQARAASAKNVc2Vycy9ldmFua2F1Zm1hbi9Hb29nbGUgRHJpdmUvRkRDTC9FdmFuL1B1YmxpY2F0aW9ucy9SZWZlcmVuY2VkIFBhcGVycy9BdXRvbm9tb3VzIEV4cGxvcmF0aW9uIG9mIExhcmdlIFVua25vd24gSW5kb29yIEVudmlyb25tZW50cyBmb3IgRGVuc2UgM0QgTW9kZWwgQnVpbGRpbmcucGRmAAATAAEvAAAVAAIAEv//AACABtIbHB0eWiRjbGFzc25hbWVYJGNsYXNzZXNdTlNNdXRhYmxlRGF0YaMdHyBWTlNEYXRhWE5TT2JqZWN00hscIiNcTlNEaWN0aW9uYXJ5oiIgXxAPTlNLZXllZEFyY2hpdmVy0SYnVHJvb3SAAQAIABEAGgAjAC0AMgA3AEAARgBNAFUAYABnAGoAbABuAHEAcwB1AHcAhACOAP4BAwELA/sD/QQCBA0EFgQkBCgELwQ4BD0ESgRNBF8EYgRnAAAAAAAAAgEAAAAAAAAAKAAAAAAAAAAAAAAAAAAABGk=}}

@article{MOLA99,
	Author = {David E. Smith and Maria T. Zuber and Sean C. Solomon and Roger J. Phillips and James W. Head and James B. Garvin and W. Bruce Banerdt and Duane O. Muhleman and Gordon H. Pettengill and Gregory A. Neumann,1,2 Frank G. Lemoine and James B. Abshire and Oded Aharonson and C. David Brown and Steven A. Hauck and Anton B. Ivanov and Patrick J. McGovern and H. Jay Zwally and Thomas C. Duxbury},
	Date-Added = {2018-06-06 21:55:57 +0000},
	Date-Modified = {2018-06-08 20:40:01 +0000},
	Journal = {Science},
	Month = {May},
	Number = {5419},
	Pages = {1495--1503},
	Title = {The Global Topography of Mars and Implications for Surface Evolution},
	Volume = {284},
	Year = {1999},
	Bdsk-File-1 = {YnBsaXN0MDDUAQIDBAUGJCVYJHZlcnNpb25YJG9iamVjdHNZJGFyY2hpdmVyVCR0b3ASAAGGoKgHCBMUFRYaIVUkbnVsbNMJCgsMDxJXTlMua2V5c1pOUy5vYmplY3RzViRjbGFzc6INDoACgAOiEBGABIAFgAdccmVsYXRpdmVQYXRoWWFsaWFzRGF0YV8QWlJlZmVyZW5jZWQgUGFwZXJzL1RoZSBHbG9iYWwgVG9wb2dyYXBoeSBvZiBNYXJzIGFuZCBJbXBsaWNhdGlvbnMgZm9yIFN1cmZhY2UgRXZvbHV0aW9uLnBkZtIXCxgZV05TLmRhdGFPEQKyAAAAAAKyAAIAAAlBUFBMRSBIREQAAAAAAAAAAAAAAAAAAAAAAADUcIH6SCsAAABx4m0fVGhlIEdsb2JhbCBUb3BvZ3JhcGgjQjdFOTQwLnBkZgAAAAAAAAAAAAAAAAAAAAAAAAAAAAAAAAAAAAAAAAAAALfpQNc91iAAAAAAAAAAAAABAAMAAAkgAAAAAAAAAAAAAAAAAAAAEVJlZmVyZW5jZWQgUGFwZXJzAAAQAAgAANRwyEoAAAARAAgAANc+DmAAAAABABwAceJtAAy3GQAMtRAADLTvAAyprgAGhrsABjA1AAIAeEFQUExFIEhERDpVc2VyczoAZXZhbmthdWZtYW46AEdvb2dsZSBEcml2ZToARkRDTDoARXZhbjoAUHVibGljYXRpb25zOgBSZWZlcmVuY2VkIFBhcGVyczoAVGhlIEdsb2JhbCBUb3BvZ3JhcGgjQjdFOTQwLnBkZgAOAJIASABUAGgAZQAgAEcAbABvAGIAYQBsACAAVABvAHAAbwBnAHIAYQBwAGgAeQAgAG8AZgAgAE0AYQByAHMAIABhAG4AZAAgAEkAbQBwAGwAaQBjAGEAdABpAG8AbgBzACAAZgBvAHIAIABTAHUAcgBmAGEAYwBlACAARQB2AG8AbAB1AHQAaQBvAG4ALgBwAGQAZgAPABQACQBBAFAAUABMAEUAIABIAEQARAASAJBVc2Vycy9ldmFua2F1Zm1hbi9Hb29nbGUgRHJpdmUvRkRDTC9FdmFuL1B1YmxpY2F0aW9ucy9SZWZlcmVuY2VkIFBhcGVycy9UaGUgR2xvYmFsIFRvcG9ncmFwaHkgb2YgTWFycyBhbmQgSW1wbGljYXRpb25zIGZvciBTdXJmYWNlIEV2b2x1dGlvbi5wZGYAEwABLwAAFQACABL//wAAgAbSGxwdHlokY2xhc3NuYW1lWCRjbGFzc2VzXU5TTXV0YWJsZURhdGGjHR8gVk5TRGF0YVhOU09iamVjdNIbHCIjXE5TRGljdGlvbmFyeaIiIF8QD05TS2V5ZWRBcmNoaXZlctEmJ1Ryb290gAEACAARABoAIwAtADIANwBAAEYATQBVAGAAZwBqAGwAbgBxAHMAdQB3AIQAjgDrAPAA+AOuA7ADtQPAA8kD1wPbA+ID6wPwA/0EAAQSBBUEGgAAAAAAAAIBAAAAAAAAACgAAAAAAAAAAAAAAAAAAAQc}}

@misc{url_8020,
	Date-Added = {2018-03-30 17:41:32 +0000},
	Date-Modified = {2018-03-30 17:51:57 +0000},
	Howpublished = {\url{https://www.8020.net/university-product-basics}},
	Keywords = {80/20 Inc.},
	Title = {Product Basics}}

@article{YanZha16,
	Author = {Chuanbo Yan and Tao Zhang},
	Date-Added = {2018-03-20 18:01:31 +0000},
	Date-Modified = {2018-03-20 18:02:31 +0000},
	Journal = {International Journal of Advanced Robotic Systems},
	Pages = {1--12},
	Title = {Multi-robot patrol: A distributed algorithm based on expected idleness},
	Year = {2016},
	Bdsk-File-1 = {YnBsaXN0MDDUAQIDBAUGJCVYJHZlcnNpb25YJG9iamVjdHNZJGFyY2hpdmVyVCR0b3ASAAGGoKgHCBMUFRYaIVUkbnVsbNMJCgsMDxJXTlMua2V5c1pOUy5vYmplY3RzViRjbGFzc6INDoACgAOiEBGABIAFgAdccmVsYXRpdmVQYXRoWWFsaWFzRGF0YV8QW1JlZmVyZW5jZWQgUGFwZXJzL011bHRpLXJvYm90IHBhdHJvbCBBIGRpc3RyaWJ1dGVkIGFsZ29yaXRobSBiYXNlZCBvbiBleHBlY3RlZCBpZGxlbmVzcy5wZGbSFwsYGVdOUy5kYXRhTxECtgAAAAACtgACAAAJQVBQTEUgSEREAAAAAAAAAAAAAAAAAAAAAAAA1HCB+kgrAAAAceJtH011bHRpLXJvYm90IHBhdHJvbCBBIzlBMzQxNy5wZGYAAAAAAAAAAAAAAAAAAAAAAAAAAAAAAAAAAAAAAAAAAACaNBfWxXMJAAAAAAAAAAAAAQADAAAJIAAAAAAAAAAAAAAAAAAAABFSZWZlcmVuY2VkIFBhcGVycwAAEAAIAADUcMhKAAAAEQAIAADWxblZAAAAAQAcAHHibQAMtxkADLUQAAy07wAMqa4ABoa7AAYwNQACAHhBUFBMRSBIREQ6VXNlcnM6AGV2YW5rYXVmbWFuOgBHb29nbGUgRHJpdmU6AEZEQ0w6AEV2YW46AFB1YmxpY2F0aW9uczoAUmVmZXJlbmNlZCBQYXBlcnM6AE11bHRpLXJvYm90IHBhdHJvbCBBIzlBMzQxNy5wZGYADgCUAEkATQB1AGwAdABpAC0AcgBvAGIAbwB0ACAAcABhAHQAcgBvAGwAIABBACAAZABpAHMAdAByAGkAYgB1AHQAZQBkACAAYQBsAGcAbwByAGkAdABoAG0AIABiAGEAcwBlAGQAIABvAG4AIABlAHgAcABlAGMAdABlAGQAIABpAGQAbABlAG4AZQBzAHMALgBwAGQAZgAPABQACQBBAFAAUABMAEUAIABIAEQARAASAJFVc2Vycy9ldmFua2F1Zm1hbi9Hb29nbGUgRHJpdmUvRkRDTC9FdmFuL1B1YmxpY2F0aW9ucy9SZWZlcmVuY2VkIFBhcGVycy9NdWx0aS1yb2JvdCBwYXRyb2wgQSBkaXN0cmlidXRlZCBhbGdvcml0aG0gYmFzZWQgb24gZXhwZWN0ZWQgaWRsZW5lc3MucGRmAAATAAEvAAAVAAIAEv//AACABtIbHB0eWiRjbGFzc25hbWVYJGNsYXNzZXNdTlNNdXRhYmxlRGF0YaMdHyBWTlNEYXRhWE5TT2JqZWN00hscIiNcTlNEaWN0aW9uYXJ5oiIgXxAPTlNLZXllZEFyY2hpdmVy0SYnVHJvb3SAAQAIABEAGgAjAC0AMgA3AEAARgBNAFUAYABnAGoAbABuAHEAcwB1AHcAhACOAOwA8QD5A7MDtQO6A8UDzgPcA+AD5wPwA/UEAgQFBBcEGgQfAAAAAAAAAgEAAAAAAAAAKAAAAAAAAAAAAAAAAAAABCE=}}

@inproceedings{ZhaXia11,
	Author = {Yanping Zhang and Yang Xiao},
	Booktitle = {The Third International Workshop on Wireless Sensor, Actuator and Robot Networks},
	Date-Added = {2018-03-20 17:47:48 +0000},
	Date-Modified = {2018-03-20 17:49:19 +0000},
	Pages = {513--518},
	Publisher = {IEEE},
	Title = {A Patrolling Scheme in Wireless Sensor and Robot Networks},
	Year = {2011},
	Bdsk-File-1 = {YnBsaXN0MDDUAQIDBAUGJCVYJHZlcnNpb25YJG9iamVjdHNZJGFyY2hpdmVyVCR0b3ASAAGGoKgHCBMUFRYaIVUkbnVsbNMJCgsMDxJXTlMua2V5c1pOUy5vYmplY3RzViRjbGFzc6INDoACgAOiEBGABIAFgAdccmVsYXRpdmVQYXRoWWFsaWFzRGF0YV8QT1JlZmVyZW5jZWQgUGFwZXJzL0EgUGF0cm9sbGluZyBTY2hlbWUgaW4gV2lyZWxlc3MgU2Vuc29yIGFuZCBSb2JvdCBOZXR3b3Jrcy5wZGbSFwsYGVdOUy5kYXRhTxECkgAAAAACkgACAAAJQVBQTEUgSEREAAAAAAAAAAAAAAAAAAAAAAAA1HCB+kgrAAAAceJtH0EgUGF0cm9sbGluZyBTY2hlbWUgIzlBMzQxMy5wZGYAAAAAAAAAAAAAAAAAAAAAAAAAAAAAAAAAAAAAAAAAAACaNBPWxXXtAAAAAAAAAAAAAQADAAAJIAAAAAAAAAAAAAAAAAAAABFSZWZlcmVuY2VkIFBhcGVycwAAEAAIAADUcMhKAAAAEQAIAADWxbw9AAAAAQAcAHHibQAMtxkADLUQAAy07wAMqa4ABoa7AAYwNQACAHhBUFBMRSBIREQ6VXNlcnM6AGV2YW5rYXVmbWFuOgBHb29nbGUgRHJpdmU6AEZEQ0w6AEV2YW46AFB1YmxpY2F0aW9uczoAUmVmZXJlbmNlZCBQYXBlcnM6AEEgUGF0cm9sbGluZyBTY2hlbWUgIzlBMzQxMy5wZGYADgB8AD0AQQAgAFAAYQB0AHIAbwBsAGwAaQBuAGcAIABTAGMAaABlAG0AZQAgAGkAbgAgAFcAaQByAGUAbABlAHMAcwAgAFMAZQBuAHMAbwByACAAYQBuAGQAIABSAG8AYgBvAHQAIABOAGUAdAB3AG8AcgBrAHMALgBwAGQAZgAPABQACQBBAFAAUABMAEUAIABIAEQARAASAIVVc2Vycy9ldmFua2F1Zm1hbi9Hb29nbGUgRHJpdmUvRkRDTC9FdmFuL1B1YmxpY2F0aW9ucy9SZWZlcmVuY2VkIFBhcGVycy9BIFBhdHJvbGxpbmcgU2NoZW1lIGluIFdpcmVsZXNzIFNlbnNvciBhbmQgUm9ib3QgTmV0d29ya3MucGRmAAATAAEvAAAVAAIAEv//AACABtIbHB0eWiRjbGFzc25hbWVYJGNsYXNzZXNdTlNNdXRhYmxlRGF0YaMdHyBWTlNEYXRhWE5TT2JqZWN00hscIiNcTlNEaWN0aW9uYXJ5oiIgXxAPTlNLZXllZEFyY2hpdmVy0SYnVHJvb3SAAQAIABEAGgAjAC0AMgA3AEAARgBNAFUAYABnAGoAbABuAHEAcwB1AHcAhACOAOAA5QDtA4MDhQOKA5UDngOsA7ADtwPAA8UD0gPVA+cD6gPvAAAAAAAAAgEAAAAAAAAAKAAAAAAAAAAAAAAAAAAAA/E=}}

@inproceedings{PipChrWei13,
	Author = {Charles Pippin and Henrik Christensen and Lora Weiss},
	Booktitle = {Proceedings of the 28th Annual ACM Symposium on Applied Computing},
	Date-Added = {2018-03-19 19:21:29 +0000},
	Date-Modified = {2018-03-19 19:23:55 +0000},
	Pages = {70--76},
	Title = {Performance Based Task Assignment in Multi-Robot Patrolling},
	Year = {2013},
	Bdsk-File-1 = {YnBsaXN0MDDUAQIDBAUGJCVYJHZlcnNpb25YJG9iamVjdHNZJGFyY2hpdmVyVCR0b3ASAAGGoKgHCBMUFRYaIVUkbnVsbNMJCgsMDxJXTlMua2V5c1pOUy5vYmplY3RzViRjbGFzc6INDoACgAOiEBGABIAFgAdccmVsYXRpdmVQYXRoWWFsaWFzRGF0YV8QUVJlZmVyZW5jZWQgUGFwZXJzL1BlcmZvcm1hbmNlIEJhc2VkIFRhc2sgQXNzaWdubWVudCBpbiBNdWx0aS1Sb2JvdCBQYXRyb2xsaW5nLnBkZtIXCxgZV05TLmRhdGFPEQKYAAAAAAKYAAIAAAlBUFBMRSBIREQAAAAAAAAAAAAAAAAAAAAAAADUcIH6SCsAAABx4m0fUGVyZm9ybWFuY2UgQmFzZWQgVGEjOUEzNDE0LnBkZgAAAAAAAAAAAAAAAAAAAAAAAAAAAAAAAAAAAAAAAAAAAJo0FNbFdZsAAAAAAAAAAAABAAMAAAkgAAAAAAAAAAAAAAAAAAAAEVJlZmVyZW5jZWQgUGFwZXJzAAAQAAgAANRwyEoAAAARAAgAANbFu+sAAAABABwAceJtAAy3GQAMtRAADLTvAAyprgAGhrsABjA1AAIAeEFQUExFIEhERDpVc2VyczoAZXZhbmthdWZtYW46AEdvb2dsZSBEcml2ZToARkRDTDoARXZhbjoAUHVibGljYXRpb25zOgBSZWZlcmVuY2VkIFBhcGVyczoAUGVyZm9ybWFuY2UgQmFzZWQgVGEjOUEzNDE0LnBkZgAOAIAAPwBQAGUAcgBmAG8AcgBtAGEAbgBjAGUAIABCAGEAcwBlAGQAIABUAGEAcwBrACAAQQBzAHMAaQBnAG4AbQBlAG4AdAAgAGkAbgAgAE0AdQBsAHQAaQAtAFIAbwBiAG8AdAAgAFAAYQB0AHIAbwBsAGwAaQBuAGcALgBwAGQAZgAPABQACQBBAFAAUABMAEUAIABIAEQARAASAIdVc2Vycy9ldmFua2F1Zm1hbi9Hb29nbGUgRHJpdmUvRkRDTC9FdmFuL1B1YmxpY2F0aW9ucy9SZWZlcmVuY2VkIFBhcGVycy9QZXJmb3JtYW5jZSBCYXNlZCBUYXNrIEFzc2lnbm1lbnQgaW4gTXVsdGktUm9ib3QgUGF0cm9sbGluZy5wZGYAABMAAS8AABUAAgAS//8AAIAG0hscHR5aJGNsYXNzbmFtZVgkY2xhc3Nlc11OU011dGFibGVEYXRhox0fIFZOU0RhdGFYTlNPYmplY3TSGxwiI1xOU0RpY3Rpb25hcnmiIiBfEA9OU0tleWVkQXJjaGl2ZXLRJidUcm9vdIABAAgAEQAaACMALQAyADcAQABGAE0AVQBgAGcAagBsAG4AcQBzAHUAdwCEAI4A4gDnAO8DiwONA5IDnQOmA7QDuAO/A8gDzQPaA90D7wPyA/cAAAAAAAACAQAAAAAAAAAoAAAAAAAAAAAAAAAAAAAD+Q==}}

@inproceedings{PorRoc10,
	Address = {Sierre, Switzerland},
	Author = {David Portugal and Rui Rocha},
	Booktitle = {Symposium on Applied Computing (SAC 2010)},
	Date-Added = {2018-03-06 22:37:43 +0000},
	Date-Modified = {2018-03-06 22:40:19 +0000},
	Month = {March},
	Pages = {1271--1276},
	Title = {MSP Algorithm Multi-Robot Patrolling based on Territory Allocation using Balanced Graph Partitioning},
	Year = {2010},
	Bdsk-File-1 = {YnBsaXN0MDDUAQIDBAUGJCVYJHZlcnNpb25YJG9iamVjdHNZJGFyY2hpdmVyVCR0b3ASAAGGoKgHCBMUFRYaIVUkbnVsbNMJCgsMDxJXTlMua2V5c1pOUy5vYmplY3RzViRjbGFzc6INDoACgAOiEBGABIAFgAdccmVsYXRpdmVQYXRoWWFsaWFzRGF0YV8QQ1JlZmVyZW5jZWQgUGFwZXJzL0EgU3VydmV5IG9uIE11bHRpLVJvYm90IFBhdHJvbGxpbmcgQWxnb3JpdGhtcy5wZGbSFwsYGVdOUy5kYXRhTxECbgAAAAACbgACAAAJQVBQTEUgSEREAAAAAAAAAAAAAAAAAAAAAAAA1HCB+kgrAAAAceJtH0EgU3VydmV5IG9uIE11bHRpLVJvIzlBMDQ0RC5wZGYAAAAAAAAAAAAAAAAAAAAAAAAAAAAAAAAAAAAAAAAAAACaBE3WxHKmAAAAAAAAAAAAAQADAAAJIAAAAAAAAAAAAAAAAAAAABFSZWZlcmVuY2VkIFBhcGVycwAAEAAIAADUcMhKAAAAEQAIAADWxLj2AAAAAQAcAHHibQAMtxkADLUQAAy07wAMqa4ABoa7AAYwNQACAHhBUFBMRSBIREQ6VXNlcnM6AGV2YW5rYXVmbWFuOgBHb29nbGUgRHJpdmU6AEZEQ0w6AEV2YW46AFB1YmxpY2F0aW9uczoAUmVmZXJlbmNlZCBQYXBlcnM6AEEgU3VydmV5IG9uIE11bHRpLVJvIzlBMDQ0RC5wZGYADgBkADEAQQAgAFMAdQByAHYAZQB5ACAAbwBuACAATQB1AGwAdABpAC0AUgBvAGIAbwB0ACAAUABhAHQAcgBvAGwAbABpAG4AZwAgAEEAbABnAG8AcgBpAHQAaABtAHMALgBwAGQAZgAPABQACQBBAFAAUABMAEUAIABIAEQARAASAHlVc2Vycy9ldmFua2F1Zm1hbi9Hb29nbGUgRHJpdmUvRkRDTC9FdmFuL1B1YmxpY2F0aW9ucy9SZWZlcmVuY2VkIFBhcGVycy9BIFN1cnZleSBvbiBNdWx0aS1Sb2JvdCBQYXRyb2xsaW5nIEFsZ29yaXRobXMucGRmAAATAAEvAAAVAAIAEv//AACABtIbHB0eWiRjbGFzc25hbWVYJGNsYXNzZXNdTlNNdXRhYmxlRGF0YaMdHyBWTlNEYXRhWE5TT2JqZWN00hscIiNcTlNEaWN0aW9uYXJ5oiIgXxAPTlNLZXllZEFyY2hpdmVy0SYnVHJvb3SAAQAIABEAGgAjAC0AMgA3AEAARgBNAFUAYABnAGoAbABuAHEAcwB1AHcAhACOANQA2QDhA1MDVQNaA2UDbgN8A4ADhwOQA5UDogOlA7cDugO/AAAAAAAAAgEAAAAAAAAAKAAAAAAAAAAAAAAAAAAAA8E=}}

@inproceedings{KraFenCieDonDuc14,
	Address = {Hong Kong, China},
	Author = {Tom{\`a}{\v s} Krajn{\'\i}k and Jaime Pulido Fentanes and Grzegorz Cielniak and Christian Dondrup and Tom Duckett},
	Booktitle = {International Conference on Robotics and Automation (ICRA)},
	Date-Added = {2018-03-06 22:28:06 +0000},
	Date-Modified = {2018-03-06 22:42:08 +0000},
	Month = {May},
	Pages = {3706--3711},
	Publisher = {IEEE},
	Title = {Spectral Analysis for Long-Term Robotic Mapping},
	Year = {2014},
	Bdsk-File-1 = {YnBsaXN0MDDUAQIDBAUGJCVYJHZlcnNpb25YJG9iamVjdHNZJGFyY2hpdmVyVCR0b3ASAAGGoKgHCBMUFRYaIVUkbnVsbNMJCgsMDxJXTlMua2V5c1pOUy5vYmplY3RzViRjbGFzc6INDoACgAOiEBGABIAFgAdccmVsYXRpdmVQYXRoWWFsaWFzRGF0YV8QRVJlZmVyZW5jZWQgUGFwZXJzL1NwZWN0cmFsIEFuYWx5c2lzIGZvciBMb25nLVRlcm0gUm9ib3RpYyBNYXBwaW5nLnBkZtIXCxgZV05TLmRhdGFPEQJ0AAAAAAJ0AAIAAAlBUFBMRSBIREQAAAAAAAAAAAAAAAAAAAAAAADUcIH6SCsAAABx4m0fU3BlY3RyYWwgQW5hbHlzaXMgZm8jOUEwNDY2LnBkZgAAAAAAAAAAAAAAAAAAAAAAAAAAAAAAAAAAAAAAAAAAAJoEZtbEaEoAAAAAAAAAAAABAAMAAAkgAAAAAAAAAAAAAAAAAAAAEVJlZmVyZW5jZWQgUGFwZXJzAAAQAAgAANRwyEoAAAARAAgAANbErpoAAAABABwAceJtAAy3GQAMtRAADLTvAAyprgAGhrsABjA1AAIAeEFQUExFIEhERDpVc2VyczoAZXZhbmthdWZtYW46AEdvb2dsZSBEcml2ZToARkRDTDoARXZhbjoAUHVibGljYXRpb25zOgBSZWZlcmVuY2VkIFBhcGVyczoAU3BlY3RyYWwgQW5hbHlzaXMgZm8jOUEwNDY2LnBkZgAOAGgAMwBTAHAAZQBjAHQAcgBhAGwAIABBAG4AYQBsAHkAcwBpAHMAIABmAG8AcgAgAEwAbwBuAGcALQBUAGUAcgBtACAAUgBvAGIAbwB0AGkAYwAgAE0AYQBwAHAAaQBuAGcALgBwAGQAZgAPABQACQBBAFAAUABMAEUAIABIAEQARAASAHtVc2Vycy9ldmFua2F1Zm1hbi9Hb29nbGUgRHJpdmUvRkRDTC9FdmFuL1B1YmxpY2F0aW9ucy9SZWZlcmVuY2VkIFBhcGVycy9TcGVjdHJhbCBBbmFseXNpcyBmb3IgTG9uZy1UZXJtIFJvYm90aWMgTWFwcGluZy5wZGYAABMAAS8AABUAAgAS//8AAIAG0hscHR5aJGNsYXNzbmFtZVgkY2xhc3Nlc11OU011dGFibGVEYXRhox0fIFZOU0RhdGFYTlNPYmplY3TSGxwiI1xOU0RpY3Rpb25hcnmiIiBfEA9OU0tleWVkQXJjaGl2ZXLRJidUcm9vdIABAAgAEQAaACMALQAyADcAQABGAE0AVQBgAGcAagBsAG4AcQBzAHUAdwCEAI4A1gDbAOMDWwNdA2IDbQN2A4QDiAOPA5gDnQOqA60DvwPCA8cAAAAAAAACAQAAAAAAAAAoAAAAAAAAAAAAAAAAAAADyQ==}}

@inproceedings{KolCar08,
	Address = {Nice, France},
	Author = {Andreas Kolling and Stefano Carpin},
	Booktitle = {nternational Conference on Intelligent Robots and Systems (IROS)},
	Date-Added = {2018-03-06 22:23:24 +0000},
	Date-Modified = {2018-03-06 22:25:08 +0000},
	Month = {September},
	Pages = {2323--2328},
	Publisher = {IEEE/RSJ},
	Title = {Extracting Surveillance Graphs from Robot Maps},
	Year = {2008},
	Bdsk-File-1 = {YnBsaXN0MDDUAQIDBAUGJCVYJHZlcnNpb25YJG9iamVjdHNZJGFyY2hpdmVyVCR0b3ASAAGGoKgHCBMUFRYaIVUkbnVsbNMJCgsMDxJXTlMua2V5c1pOUy5vYmplY3RzViRjbGFzc6INDoACgAOiEBGABIAFgAdccmVsYXRpdmVQYXRoWWFsaWFzRGF0YV8QRFJlZmVyZW5jZWQgUGFwZXJzL0V4dHJhY3RpbmcgU3VydmVpbGxhbmNlIEdyYXBocyBmcm9tIFJvYm90IE1hcHMucGRm0hcLGBlXTlMuZGF0YU8RAnAAAAAAAnAAAgAACUFQUExFIEhERAAAAAAAAAAAAAAAAAAAAAAAANRwgfpIKwAAAHHibR9FeHRyYWN0aW5nIFN1cnZlaWxsYSM5QTA0NjQucGRmAAAAAAAAAAAAAAAAAAAAAAAAAAAAAAAAAAAAAAAAAAAAmgRk1sRoegAAAAAAAAAAAAEAAwAACSAAAAAAAAAAAAAAAAAAAAARUmVmZXJlbmNlZCBQYXBlcnMAABAACAAA1HDISgAAABEACAAA1sSuygAAAAEAHABx4m0ADLcZAAy1EAAMtO8ADKmuAAaGuwAGMDUAAgB4QVBQTEUgSEREOlVzZXJzOgBldmFua2F1Zm1hbjoAR29vZ2xlIERyaXZlOgBGRENMOgBFdmFuOgBQdWJsaWNhdGlvbnM6AFJlZmVyZW5jZWQgUGFwZXJzOgBFeHRyYWN0aW5nIFN1cnZlaWxsYSM5QTA0NjQucGRmAA4AZgAyAEUAeAB0AHIAYQBjAHQAaQBuAGcAIABTAHUAcgB2AGUAaQBsAGwAYQBuAGMAZQAgAEcAcgBhAHAAaABzACAAZgByAG8AbQAgAFIAbwBiAG8AdAAgAE0AYQBwAHMALgBwAGQAZgAPABQACQBBAFAAUABMAEUAIABIAEQARAASAHpVc2Vycy9ldmFua2F1Zm1hbi9Hb29nbGUgRHJpdmUvRkRDTC9FdmFuL1B1YmxpY2F0aW9ucy9SZWZlcmVuY2VkIFBhcGVycy9FeHRyYWN0aW5nIFN1cnZlaWxsYW5jZSBHcmFwaHMgZnJvbSBSb2JvdCBNYXBzLnBkZgATAAEvAAAVAAIAEv//AACABtIbHB0eWiRjbGFzc25hbWVYJGNsYXNzZXNdTlNNdXRhYmxlRGF0YaMdHyBWTlNEYXRhWE5TT2JqZWN00hscIiNcTlNEaWN0aW9uYXJ5oiIgXxAPTlNLZXllZEFyY2hpdmVy0SYnVHJvb3SAAQAIABEAGgAjAC0AMgA3AEAARgBNAFUAYABnAGoAbABuAHEAcwB1AHcAhACOANUA2gDiA1YDWANdA2gDcQN/A4MDigOTA5gDpQOoA7oDvQPCAAAAAAAAAgEAAAAAAAAAKAAAAAAAAAAAAAAAAAAAA8Q=}}

@inproceedings{KraFenHanDuc16,
	Address = {Daejeon, Korea},
	Author = {Tom{\`a}{\v s} Krajn{\'\i}k and Jaime Pulido Fentanes and Marc Hanheide and Tom Duckett},
	Booktitle = {International Conference on Intelligent Robots and Systems (IROS)},
	Date-Added = {2018-03-06 22:18:23 +0000},
	Date-Modified = {2018-03-06 22:25:52 +0000},
	Month = {October},
	Pages = {4558--4563},
	Publisher = {IEEE/RSJ},
	Title = {Persistent Localization and Life-long Mapping in Changing Environments using the Frequency Map Enhancement},
	Year = {2016},
	Bdsk-File-1 = {YnBsaXN0MDDUAQIDBAUGJCVYJHZlcnNpb25YJG9iamVjdHNZJGFyY2hpdmVyVCR0b3ASAAGGoKgHCBMUFRYaIVUkbnVsbNMJCgsMDxJXTlMua2V5c1pOUy5vYmplY3RzViRjbGFzc6INDoACgAOiEBGABIAFgAdccmVsYXRpdmVQYXRoWWFsaWFzRGF0YV8QgFJlZmVyZW5jZWQgUGFwZXJzL1BlcnNpc3RlbnQgTG9jYWxpemF0aW9uIGFuZCBMaWZlLWxvbmcgTWFwcGluZyBpbiBDaGFuZ2luZyBFbnZpcm9ubWVudHMgdXNpbmcgdGhlIEZyZXF1ZW5jeSBNYXAgRW5oYW5jZW1lbnQucGRm0hcLGBlXTlMuZGF0YU8RAyQAAAAAAyQAAgAACUFQUExFIEhERAAAAAAAAAAAAAAAAAAAAAAAANRwgfpIKwAAAHHibR9QZXJzaXN0ZW50IExvY2FsaXphdCM5QTA0NzIucGRmAAAAAAAAAAAAAAAAAAAAAAAAAAAAAAAAAAAAAAAAAAAAmgRy1sRozgAAAAAAAAAAAAEAAwAACSAAAAAAAAAAAAAAAAAAAAARUmVmZXJlbmNlZCBQYXBlcnMAABAACAAA1HDISgAAABEACAAA1sSvHgAAAAEAHABx4m0ADLcZAAy1EAAMtO8ADKmuAAaGuwAGMDUAAgB4QVBQTEUgSEREOlVzZXJzOgBldmFua2F1Zm1hbjoAR29vZ2xlIERyaXZlOgBGRENMOgBFdmFuOgBQdWJsaWNhdGlvbnM6AFJlZmVyZW5jZWQgUGFwZXJzOgBQZXJzaXN0ZW50IExvY2FsaXphdCM5QTA0NzIucGRmAA4A3gBuAFAAZQByAHMAaQBzAHQAZQBuAHQAIABMAG8AYwBhAGwAaQB6AGEAdABpAG8AbgAgAGEAbgBkACAATABpAGYAZQAtAGwAbwBuAGcAIABNAGEAcABwAGkAbgBnACAAaQBuACAAQwBoAGEAbgBnAGkAbgBnACAARQBuAHYAaQByAG8AbgBtAGUAbgB0AHMAIAB1AHMAaQBuAGcAIAB0AGgAZQAgAEYAcgBlAHEAdQBlAG4AYwB5ACAATQBhAHAAIABFAG4AaABhAG4AYwBlAG0AZQBuAHQALgBwAGQAZgAPABQACQBBAFAAUABMAEUAIABIAEQARAASALZVc2Vycy9ldmFua2F1Zm1hbi9Hb29nbGUgRHJpdmUvRkRDTC9FdmFuL1B1YmxpY2F0aW9ucy9SZWZlcmVuY2VkIFBhcGVycy9QZXJzaXN0ZW50IExvY2FsaXphdGlvbiBhbmQgTGlmZS1sb25nIE1hcHBpbmcgaW4gQ2hhbmdpbmcgRW52aXJvbm1lbnRzIHVzaW5nIHRoZSBGcmVxdWVuY3kgTWFwIEVuaGFuY2VtZW50LnBkZgATAAEvAAAVAAIAEv//AACABtIbHB0eWiRjbGFzc25hbWVYJGNsYXNzZXNdTlNNdXRhYmxlRGF0YaMdHyBWTlNEYXRhWE5TT2JqZWN00hscIiNcTlNEaWN0aW9uYXJ5oiIgXxAPTlNLZXllZEFyY2hpdmVy0SYnVHJvb3SAAQAIABEAGgAjAC0AMgA3AEAARgBNAFUAYABnAGoAbABuAHEAcwB1AHcAhACOAREBFgEeBEYESARNBFgEYQRvBHMEegSDBIgElQSYBKoErQSyAAAAAAAAAgEAAAAAAAAAKAAAAAAAAAAAAAAAAAAABLQ=}}

@article{PorRoc11,
	Author = {David Portugal and Rui Rocha},
	Date-Added = {2018-03-06 21:31:19 +0000},
	Date-Modified = {2018-03-06 21:41:28 +0000},
	Journal = {DoCEIS: Technological Innovation for Sustainability.},
	Keywords = {DOI: https://doi.org/10.1007/978-3-642-19170-1_15},
	Pages = {139--146},
	Publisher = {Springer},
	Title = {A Survey on Multi-Robot Patrolling Algorithms},
	Volume = {349},
	Year = {2011},
	Bdsk-File-1 = {YnBsaXN0MDDUAQIDBAUGJCVYJHZlcnNpb25YJG9iamVjdHNZJGFyY2hpdmVyVCR0b3ASAAGGoKgHCBMUFRYaIVUkbnVsbNMJCgsMDxJXTlMua2V5c1pOUy5vYmplY3RzViRjbGFzc6INDoACgAOiEBGABIAFgAdccmVsYXRpdmVQYXRoWWFsaWFzRGF0YV8QQ1JlZmVyZW5jZWQgUGFwZXJzL0EgU3VydmV5IG9uIE11bHRpLVJvYm90IFBhdHJvbGxpbmcgQWxnb3JpdGhtcy5wZGbSFwsYGVdOUy5kYXRhTxECbgAAAAACbgACAAAJQVBQTEUgSEREAAAAAAAAAAAAAAAAAAAAAAAA1HCB+kgrAAAAceJtH0EgU3VydmV5IG9uIE11bHRpLVJvIzlBMDQ0RC5wZGYAAAAAAAAAAAAAAAAAAAAAAAAAAAAAAAAAAAAAAAAAAACaBE3WxHKmAAAAAAAAAAAAAQADAAAJIAAAAAAAAAAAAAAAAAAAABFSZWZlcmVuY2VkIFBhcGVycwAAEAAIAADUcMhKAAAAEQAIAADWxLj2AAAAAQAcAHHibQAMtxkADLUQAAy07wAMqa4ABoa7AAYwNQACAHhBUFBMRSBIREQ6VXNlcnM6AGV2YW5rYXVmbWFuOgBHb29nbGUgRHJpdmU6AEZEQ0w6AEV2YW46AFB1YmxpY2F0aW9uczoAUmVmZXJlbmNlZCBQYXBlcnM6AEEgU3VydmV5IG9uIE11bHRpLVJvIzlBMDQ0RC5wZGYADgBkADEAQQAgAFMAdQByAHYAZQB5ACAAbwBuACAATQB1AGwAdABpAC0AUgBvAGIAbwB0ACAAUABhAHQAcgBvAGwAbABpAG4AZwAgAEEAbABnAG8AcgBpAHQAaABtAHMALgBwAGQAZgAPABQACQBBAFAAUABMAEUAIABIAEQARAASAHlVc2Vycy9ldmFua2F1Zm1hbi9Hb29nbGUgRHJpdmUvRkRDTC9FdmFuL1B1YmxpY2F0aW9ucy9SZWZlcmVuY2VkIFBhcGVycy9BIFN1cnZleSBvbiBNdWx0aS1Sb2JvdCBQYXRyb2xsaW5nIEFsZ29yaXRobXMucGRmAAATAAEvAAAVAAIAEv//AACABtIbHB0eWiRjbGFzc25hbWVYJGNsYXNzZXNdTlNNdXRhYmxlRGF0YaMdHyBWTlNEYXRhWE5TT2JqZWN00hscIiNcTlNEaWN0aW9uYXJ5oiIgXxAPTlNLZXllZEFyY2hpdmVy0SYnVHJvb3SAAQAIABEAGgAjAC0AMgA3AEAARgBNAFUAYABnAGoAbABuAHEAcwB1AHcAhACOANQA2QDhA1MDVQNaA2UDbgN8A4ADhwOQA5UDogOlA7cDugO/AAAAAAAAAgEAAAAAAAAAKAAAAAAAAAAAAAAAAAAAA8E=}}

@article{GerMaj02,
	Author = {Brian P. Gerkey and Maja J. Matari{\'c}},
	Date-Added = {2018-02-06 16:38:23 +0000},
	Date-Modified = {2018-02-06 16:40:11 +0000},
	Journal = {IEEE Transactions on Robotics and Automation},
	Number = {5},
	Pages = {758--768},
	Title = {Sold!: Auction Methods for Multirobot Coordination},
	Volume = {18},
	Year = {2002},
	Bdsk-File-1 = {YnBsaXN0MDDUAQIDBAUGJCVYJHZlcnNpb25YJG9iamVjdHNZJGFyY2hpdmVyVCR0b3ASAAGGoKgHCBMUFRYaIVUkbnVsbNMJCgsMDxJXTlMua2V5c1pOUy5vYmplY3RzViRjbGFzc6INDoACgAOiEBGABIAFgAdccmVsYXRpdmVQYXRoWWFsaWFzRGF0YV8QR1JlZmVyZW5jZWQgUGFwZXJzL1NvbGQhIEF1Y3Rpb24gTWV0aG9kcyBmb3IgTXVsdGlyb2JvdCBDb29yZGluYXRpb24ucGRm0hcLGBlXTlMuZGF0YU8RAnoAAAAAAnoAAgAACUFQUExFIEhERAAAAAAAAAAAAAAAAAAAAAAAANRwgfpIKwAAAHHibR9Tb2xkISBBdWN0aW9uIE1ldGhvZCM4MEY1QjcucGRmAAAAAAAAAAAAAAAAAAAAAAAAAAAAAAAAAAAAAAAAAAAAgPW31jBWWwAAAAAAAAAAAAEAAwAACSAAAAAAAAAAAAAAAAAAAAARUmVmZXJlbmNlZCBQYXBlcnMAABAACAAA1HDISgAAABEACAAA1jCcqwAAAAEAHABx4m0ADLcZAAy1EAAMtO8ADKmuAAaGuwAGMDUAAgB4QVBQTEUgSEREOlVzZXJzOgBldmFua2F1Zm1hbjoAR29vZ2xlIERyaXZlOgBGRENMOgBFdmFuOgBQdWJsaWNhdGlvbnM6AFJlZmVyZW5jZWQgUGFwZXJzOgBTb2xkISBBdWN0aW9uIE1ldGhvZCM4MEY1QjcucGRmAA4AbAA1AFMAbwBsAGQAIQAgAEEAdQBjAHQAaQBvAG4AIABNAGUAdABoAG8AZABzACAAZgBvAHIAIABNAHUAbAB0AGkAcgBvAGIAbwB0ACAAQwBvAG8AcgBkAGkAbgBhAHQAaQBvAG4ALgBwAGQAZgAPABQACQBBAFAAUABMAEUAIABIAEQARAASAH1Vc2Vycy9ldmFua2F1Zm1hbi9Hb29nbGUgRHJpdmUvRkRDTC9FdmFuL1B1YmxpY2F0aW9ucy9SZWZlcmVuY2VkIFBhcGVycy9Tb2xkISBBdWN0aW9uIE1ldGhvZHMgZm9yIE11bHRpcm9ib3QgQ29vcmRpbmF0aW9uLnBkZgAAEwABLwAAFQACABL//wAAgAbSGxwdHlokY2xhc3NuYW1lWCRjbGFzc2VzXU5TTXV0YWJsZURhdGGjHR8gVk5TRGF0YVhOU09iamVjdNIbHCIjXE5TRGljdGlvbmFyeaIiIF8QD05TS2V5ZWRBcmNoaXZlctEmJ1Ryb290gAEACAARABoAIwAtADIANwBAAEYATQBVAGAAZwBqAGwAbgBxAHMAdQB3AIQAjgDYAN0A5QNjA2UDagN1A34DjAOQA5cDoAOlA7IDtQPHA8oDzwAAAAAAAAIBAAAAAAAAACgAAAAAAAAAAAAAAAAAAAPR}}

@inproceedings{DiaSte00,
	Address = {Venice, Italy},
	Author = {M. B. Dias and A. Stentz},
	Booktitle = {6th International Conference on Intelligent Autonomous Systems},
	Date-Added = {2018-02-06 16:10:05 +0000},
	Date-Modified = {2018-02-06 16:15:00 +0000},
	Month = {July},
	Pages = {115--122},
	Title = {A Free Market Architecture for Distributed Control of a Multirobot System},
	Year = {2000},
	Bdsk-File-1 = {YnBsaXN0MDDUAQIDBAUGJCVYJHZlcnNpb25YJG9iamVjdHNZJGFyY2hpdmVyVCR0b3ASAAGGoKgHCBMUFRYaIVUkbnVsbNMJCgsMDxJXTlMua2V5c1pOUy5vYmplY3RzViRjbGFzc6INDoACgAOiEBGABIAFgAdccmVsYXRpdmVQYXRoWWFsaWFzRGF0YV8QYy4uLy4uLy4uLy4uL0Rvd25sb2Fkcy9BIEZyZWUgTWFya2V0IEFyY2hpdGVjdHVyZSBmb3IgRGlzdHJpYnV0ZWQgQ29udHJvbCBvZiBhIE11bHRpcm9ib3QgU3lzdGVtLnBkZtIXCxgZV05TLmRhdGFPEQJQAAAAAAJQAAIAAAxNYWNpbnRvc2ggSEQAAAAAAAAAAAAAAAAAAAAAAAAAQkQAAf////8fQSBGcmVlIE1hcmtldCBBcmNoI0ZGRkZGRkZGLnBkZgAAAAAAAAAAAAAAAAAAAAAAAAAAAAAAAAAAAAAAAAAA/////wAAAAAAAAAAAAAAAAAEAAIAAAogY3UAAAAAAAAAAAAAAAAACURvd25sb2FkcwAAAgBrLzpVc2VyczpldmFua2F1Zm1hbjpEb3dubG9hZHM6QSBGcmVlIE1hcmtldCBBcmNoaXRlY3R1cmUgZm9yIERpc3RyaWJ1dGVkIENvbnRyb2wgb2YgYSBNdWx0aXJvYm90IFN5c3RlbS5wZGYAAA4AnABNAEEAIABGAHIAZQBlACAATQBhAHIAawBlAHQAIABBAHIAYwBoAGkAdABlAGMAdAB1AHIAZQAgAGYAbwByACAARABpAHMAdAByAGkAYgB1AHQAZQBkACAAQwBvAG4AdAByAG8AbAAgAG8AZgAgAGEAIABNAHUAbAB0AGkAcgBvAGIAbwB0ACAAUwB5AHMAdABlAG0ALgBwAGQAZgAPABoADABNAGEAYwBpAG4AdABvAHMAaAAgAEgARAASAGlVc2Vycy9ldmFua2F1Zm1hbi9Eb3dubG9hZHMvQSBGcmVlIE1hcmtldCBBcmNoaXRlY3R1cmUgZm9yIERpc3RyaWJ1dGVkIENvbnRyb2wgb2YgYSBNdWx0aXJvYm90IFN5c3RlbS5wZGYAABMAAS8AABUAAgAS//8AAIAG0hscHR5aJGNsYXNzbmFtZVgkY2xhc3Nlc11OU011dGFibGVEYXRhox0fIFZOU0RhdGFYTlNPYmplY3TSGxwiI1xOU0RpY3Rpb25hcnmiIiBfEA9OU0tleWVkQXJjaGl2ZXLRJidUcm9vdIABAAgAEQAaACMALQAyADcAQABGAE0AVQBgAGcAagBsAG4AcQBzAHUAdwCEAI4A9AD5AQEDVQNXA1wDZwNwA34DggOJA5IDlwOkA6cDuQO8A8EAAAAAAAACAQAAAAAAAAAoAAAAAAAAAAAAAAAAAAADww==}}

@inproceedings{KauTakAiLee18,
	Author = {Evan Kaufman and Kuya Takami and Zhuming Ai and Taeyoung Lee},
	Booktitle = {The Second IEEE International Conference on Robotic Computing},
	Date-Added = {2018-02-05 19:09:50 +0000},
	Date-Modified = {2018-02-06 15:38:00 +0000},
	Pages = {49--55},
	Title = {Autonomous Quadrotor 3D Mapping and Exploration Using Exact Occupancy Probabilities},
	Year = {2018},
	Bdsk-File-1 = {YnBsaXN0MDDUAQIDBAUGJCVYJHZlcnNpb25YJG9iamVjdHNZJGFyY2hpdmVyVCR0b3ASAAGGoKgHCBMUFRYaIVUkbnVsbNMJCgsMDxJXTlMua2V5c1pOUy5vYmplY3RzViRjbGFzc6INDoACgAOiEBGABIAFgAdccmVsYXRpdmVQYXRoWWFsaWFzRGF0YV8QaVJlZmVyZW5jZWQgUGFwZXJzL0F1dG9ub21vdXMgUXVhZHJvdG9yIDNEIE1hcHBpbmcgYW5kIEV4cGxvcmF0aW9uIFVzaW5nIEV4YWN0IE9jY3VwYW5jeSBQcm9iYWJpbGl0aWVzLnBkZtIXCxgZV05TLmRhdGFPEQLgAAAAAALgAAIAAAlBUFBMRSBIREQAAAAAAAAAAAAAAAAAAAAAAADUcIH6SCsAAABx4m0fQXV0b25vbW91cyBRdWFkcm90b3IjOTRCOTA2LnBkZgAAAAAAAAAAAAAAAAAAAAAAAAAAAAAAAAAAAAAAAAAAAJS5BtafNacAAAAAAAAAAAABAAMAAAkgAAAAAAAAAAAAAAAAAAAAEVJlZmVyZW5jZWQgUGFwZXJzAAAQAAgAANRwyEoAAAARAAgAANafe/cAAAABABwAceJtAAy3GQAMtRAADLTvAAyprgAGhrsABjA1AAIAeEFQUExFIEhERDpVc2VyczoAZXZhbmthdWZtYW46AEdvb2dsZSBEcml2ZToARkRDTDoARXZhbjoAUHVibGljYXRpb25zOgBSZWZlcmVuY2VkIFBhcGVyczoAQXV0b25vbW91cyBRdWFkcm90b3IjOTRCOTA2LnBkZgAOALAAVwBBAHUAdABvAG4AbwBtAG8AdQBzACAAUQB1AGEAZAByAG8AdABvAHIAIAAzAEQAIABNAGEAcABwAGkAbgBnACAAYQBuAGQAIABFAHgAcABsAG8AcgBhAHQAaQBvAG4AIABVAHMAaQBuAGcAIABFAHgAYQBjAHQAIABPAGMAYwB1AHAAYQBuAGMAeQAgAFAAcgBvAGIAYQBiAGkAbABpAHQAaQBlAHMALgBwAGQAZgAPABQACQBBAFAAUABMAEUAIABIAEQARAASAJ9Vc2Vycy9ldmFua2F1Zm1hbi9Hb29nbGUgRHJpdmUvRkRDTC9FdmFuL1B1YmxpY2F0aW9ucy9SZWZlcmVuY2VkIFBhcGVycy9BdXRvbm9tb3VzIFF1YWRyb3RvciAzRCBNYXBwaW5nIGFuZCBFeHBsb3JhdGlvbiBVc2luZyBFeGFjdCBPY2N1cGFuY3kgUHJvYmFiaWxpdGllcy5wZGYAABMAAS8AABUAAgAS//8AAIAG0hscHR5aJGNsYXNzbmFtZVgkY2xhc3Nlc11OU011dGFibGVEYXRhox0fIFZOU0RhdGFYTlNPYmplY3TSGxwiI1xOU0RpY3Rpb25hcnmiIiBfEA9OU0tleWVkQXJjaGl2ZXLRJidUcm9vdIABAAgAEQAaACMALQAyADcAQABGAE0AVQBgAGcAagBsAG4AcQBzAHUAdwCEAI4A+gD/AQcD6wPtA/ID/QQGBBQEGAQfBCgELQQ6BD0ETwRSBFcAAAAAAAACAQAAAAAAAAAoAAAAAAAAAAAAAAAAAAAEWQ==}}

@article{GerMat02,
	Author = {Brian P. Gerkey and Maja J. Mataric ́},
	Date-Added = {2018-01-25 21:16:18 +0000},
	Date-Modified = {2018-01-25 21:18:01 +0000},
	Journal = {IEEE Transactions on Robotics and Automation},
	Month = {October},
	Number = {5},
	Pages = {758--768},
	Title = {Sold! Auction Methods for Multirobot Coordination},
	Volume = {18},
	Year = {2002},
	Bdsk-File-1 = {YnBsaXN0MDDUAQIDBAUGJCVYJHZlcnNpb25YJG9iamVjdHNZJGFyY2hpdmVyVCR0b3ASAAGGoKgHCBMUFRYaIVUkbnVsbNMJCgsMDxJXTlMua2V5c1pOUy5vYmplY3RzViRjbGFzc6INDoACgAOiEBGABIAFgAdccmVsYXRpdmVQYXRoWWFsaWFzRGF0YV8QR1JlZmVyZW5jZWQgUGFwZXJzL1NvbGQhIEF1Y3Rpb24gTWV0aG9kcyBmb3IgTXVsdGlyb2JvdCBDb29yZGluYXRpb24ucGRm0hcLGBlXTlMuZGF0YU8RAnoAAAAAAnoAAgAACUFQUExFIEhERAAAAAAAAAAAAAAAAAAAAAAAANRwgfpIKwAAAHHibR9Tb2xkISBBdWN0aW9uIE1ldGhvZCM4MEY1QjcucGRmAAAAAAAAAAAAAAAAAAAAAAAAAAAAAAAAAAAAAAAAAAAAgPW31jBWWwAAAAAAAAAAAAEAAwAACSAAAAAAAAAAAAAAAAAAAAARUmVmZXJlbmNlZCBQYXBlcnMAABAACAAA1HDISgAAABEACAAA1jCcqwAAAAEAHABx4m0ADLcZAAy1EAAMtO8ADKmuAAaGuwAGMDUAAgB4QVBQTEUgSEREOlVzZXJzOgBldmFua2F1Zm1hbjoAR29vZ2xlIERyaXZlOgBGRENMOgBFdmFuOgBQdWJsaWNhdGlvbnM6AFJlZmVyZW5jZWQgUGFwZXJzOgBTb2xkISBBdWN0aW9uIE1ldGhvZCM4MEY1QjcucGRmAA4AbAA1AFMAbwBsAGQAIQAgAEEAdQBjAHQAaQBvAG4AIABNAGUAdABoAG8AZABzACAAZgBvAHIAIABNAHUAbAB0AGkAcgBvAGIAbwB0ACAAQwBvAG8AcgBkAGkAbgBhAHQAaQBvAG4ALgBwAGQAZgAPABQACQBBAFAAUABMAEUAIABIAEQARAASAH1Vc2Vycy9ldmFua2F1Zm1hbi9Hb29nbGUgRHJpdmUvRkRDTC9FdmFuL1B1YmxpY2F0aW9ucy9SZWZlcmVuY2VkIFBhcGVycy9Tb2xkISBBdWN0aW9uIE1ldGhvZHMgZm9yIE11bHRpcm9ib3QgQ29vcmRpbmF0aW9uLnBkZgAAEwABLwAAFQACABL//wAAgAbSGxwdHlokY2xhc3NuYW1lWCRjbGFzc2VzXU5TTXV0YWJsZURhdGGjHR8gVk5TRGF0YVhOU09iamVjdNIbHCIjXE5TRGljdGlvbmFyeaIiIF8QD05TS2V5ZWRBcmNoaXZlctEmJ1Ryb290gAEACAARABoAIwAtADIANwBAAEYATQBVAGAAZwBqAGwAbgBxAHMAdQB3AIQAjgDYAN0A5QNjA2UDagN1A34DjAOQA5cDoAOlA7IDtQPHA8oDzwAAAAAAAAIBAAAAAAAAACgAAAAAAAAAAAAAAAAAAAPR}}

@inproceedings{SarBal06,
	Author = {Sanem Sariel and Tucker Balch},
	Booktitle = {The 19th Florida Artificial Intelligence Research Society Conference (FLAIRS)},
	Date-Added = {2018-01-25 21:01:58 +0000},
	Date-Modified = {2018-01-25 21:08:41 +0000},
	Pages = {116--121},
	Publisher = {AAAI},
	Title = {Efficient Bids on Task Allocation for Multi-Robot Exploration},
	Year = {2006},
	Bdsk-File-1 = {YnBsaXN0MDDUAQIDBAUGJCVYJHZlcnNpb25YJG9iamVjdHNZJGFyY2hpdmVyVCR0b3ASAAGGoKgHCBMUFRYaIVUkbnVsbNMJCgsMDxJXTlMua2V5c1pOUy5vYmplY3RzViRjbGFzc6INDoACgAOiEBGABIAFgAdccmVsYXRpdmVQYXRoWWFsaWFzRGF0YV8QU1JlZmVyZW5jZWQgUGFwZXJzL0VmZmljaWVudCBCaWRzIG9uIFRhc2sgQWxsb2NhdGlvbiBmb3IgTXVsdGktUm9ib3QgRXhwbG9yYXRpb24ucGRm0hcLGBlXTlMuZGF0YU8RAp4AAAAAAp4AAgAACUFQUExFIEhERAAAAAAAAAAAAAAAAAAAAAAAANRwgfpIKwAAAHHibR9FZmZpY2llbnQgQmlkcyBvbiBUYSM4MEY1OTMucGRmAAAAAAAAAAAAAAAAAAAAAAAAAAAAAAAAAAAAAAAAAAAAgPWT1jBZZAAAAAAAAAAAAAEAAwAACSAAAAAAAAAAAAAAAAAAAAARUmVmZXJlbmNlZCBQYXBlcnMAABAACAAA1HDISgAAABEACAAA1jCftAAAAAEAHABx4m0ADLcZAAy1EAAMtO8ADKmuAAaGuwAGMDUAAgB4QVBQTEUgSEREOlVzZXJzOgBldmFua2F1Zm1hbjoAR29vZ2xlIERyaXZlOgBGRENMOgBFdmFuOgBQdWJsaWNhdGlvbnM6AFJlZmVyZW5jZWQgUGFwZXJzOgBFZmZpY2llbnQgQmlkcyBvbiBUYSM4MEY1OTMucGRmAA4AhABBAEUAZgBmAGkAYwBpAGUAbgB0ACAAQgBpAGQAcwAgAG8AbgAgAFQAYQBzAGsAIABBAGwAbABvAGMAYQB0AGkAbwBuACAAZgBvAHIAIABNAHUAbAB0AGkALQBSAG8AYgBvAHQAIABFAHgAcABsAG8AcgBhAHQAaQBvAG4ALgBwAGQAZgAPABQACQBBAFAAUABMAEUAIABIAEQARAASAIlVc2Vycy9ldmFua2F1Zm1hbi9Hb29nbGUgRHJpdmUvRkRDTC9FdmFuL1B1YmxpY2F0aW9ucy9SZWZlcmVuY2VkIFBhcGVycy9FZmZpY2llbnQgQmlkcyBvbiBUYXNrIEFsbG9jYXRpb24gZm9yIE11bHRpLVJvYm90IEV4cGxvcmF0aW9uLnBkZgAAEwABLwAAFQACABL//wAAgAbSGxwdHlokY2xhc3NuYW1lWCRjbGFzc2VzXU5TTXV0YWJsZURhdGGjHR8gVk5TRGF0YVhOU09iamVjdNIbHCIjXE5TRGljdGlvbmFyeaIiIF8QD05TS2V5ZWRBcmNoaXZlctEmJ1Ryb290gAEACAARABoAIwAtADIANwBAAEYATQBVAGAAZwBqAGwAbgBxAHMAdQB3AIQAjgDkAOkA8QOTA5UDmgOlA64DvAPAA8cD0APVA+ID5QP3A/oD/wAAAAAAAAIBAAAAAAAAACgAAAAAAAAAAAAAAAAAAAQB}}

@inproceedings{asdfasdf,
	Author = {M. Berhault H. Huang P. Keskinocak and S. Koenig and W. Elmaghraby and P. Griffin and A. Kleywegt},
	Date-Added = {2018-01-25 20:58:53 +0000},
	Date-Modified = {2018-01-25 21:00:34 +0000},
	Title = {Robot Exploration with Combinatorial Auctions}}

@inproceedings{SarBal05,
	Author = {Sanem Sariel and Tucker Balch},
	Booktitle = {Integrating Planning into Scheduling: Papers from the 2005 AAAI Workshop},
	Date-Added = {2018-01-25 20:55:03 +0000},
	Date-Modified = {2018-01-25 20:57:18 +0000},
	Title = {Real Time Auction Based Allocation of Tasks for Multi-Robot Exploration Problem in Dynamic Environments},
	Year = {2005}}

@inproceedings{LesRamPul08,
	Author = {Juan Carlos Elizondo Leal and Jos{\'e} Gabriel Ram{\'\i}rez-Torres and Gregorio Toscano Pulido},
	Booktitle = {Mexican International Conference on Artificial Intelligence},
	Date-Added = {2018-01-25 20:41:21 +0000},
	Date-Modified = {2018-01-25 20:44:31 +0000},
	Month = {October},
	Title = {Multi-robot Exploration and Mapping Using Self Biddings and Stop Signals},
	Year = {2008},
	Bdsk-File-1 = {YnBsaXN0MDDUAQIDBAUGJCVYJHZlcnNpb25YJG9iamVjdHNZJGFyY2hpdmVyVCR0b3ASAAGGoKgHCBMUFRYaIVUkbnVsbNMJCgsMDxJXTlMua2V5c1pOUy5vYmplY3RzViRjbGFzc6INDoACgAOiEBGABIAFgAdccmVsYXRpdmVQYXRoWWFsaWFzRGF0YV8QXlJlZmVyZW5jZWQgUGFwZXJzL011bHRpLXJvYm90IEV4cGxvcmF0aW9uIGFuZCBNYXBwaW5nIFVzaW5nIFNlbGYgQmlkZGluZ3MgYW5kIFN0b3AgU2lnbmFscy5wZGbSFwsYGVdOUy5kYXRhTxECvgAAAAACvgACAAAJQVBQTEUgSEREAAAAAAAAAAAAAAAAAAAAAAAA1HCB+kgrAAAAceJtH011bHRpLXJvYm90IEV4cGxvcmF0IzgxNDc3OS5wZGYAAAAAAAAAAAAAAAAAAAAAAAAAAAAAAAAAAAAAAAAAAACBR3nWM5GJAAAAAAAAAAAAAQADAAAJIAAAAAAAAAAAAAAAAAAAABFSZWZlcmVuY2VkIFBhcGVycwAAEAAIAADUcMhKAAAAEQAIAADWM9fZAAAAAQAcAHHibQAMtxkADLUQAAy07wAMqa4ABoa7AAYwNQACAHhBUFBMRSBIREQ6VXNlcnM6AGV2YW5rYXVmbWFuOgBHb29nbGUgRHJpdmU6AEZEQ0w6AEV2YW46AFB1YmxpY2F0aW9uczoAUmVmZXJlbmNlZCBQYXBlcnM6AE11bHRpLXJvYm90IEV4cGxvcmF0IzgxNDc3OS5wZGYADgCaAEwATQB1AGwAdABpAC0AcgBvAGIAbwB0ACAARQB4AHAAbABvAHIAYQB0AGkAbwBuACAAYQBuAGQAIABNAGEAcABwAGkAbgBnACAAVQBzAGkAbgBnACAAUwBlAGwAZgAgAEIAaQBkAGQAaQBuAGcAcwAgAGEAbgBkACAAUwB0AG8AcAAgAFMAaQBnAG4AYQBsAHMALgBwAGQAZgAPABQACQBBAFAAUABMAEUAIABIAEQARAASAJRVc2Vycy9ldmFua2F1Zm1hbi9Hb29nbGUgRHJpdmUvRkRDTC9FdmFuL1B1YmxpY2F0aW9ucy9SZWZlcmVuY2VkIFBhcGVycy9NdWx0aS1yb2JvdCBFeHBsb3JhdGlvbiBhbmQgTWFwcGluZyBVc2luZyBTZWxmIEJpZGRpbmdzIGFuZCBTdG9wIFNpZ25hbHMucGRmABMAAS8AABUAAgAS//8AAIAG0hscHR5aJGNsYXNzbmFtZVgkY2xhc3Nlc11OU011dGFibGVEYXRhox0fIFZOU0RhdGFYTlNPYmplY3TSGxwiI1xOU0RpY3Rpb25hcnmiIiBfEA9OU0tleWVkQXJjaGl2ZXLRJidUcm9vdIABAAgAEQAaACMALQAyADcAQABGAE0AVQBgAGcAagBsAG4AcQBzAHUAdwCEAI4A7wD0APwDvgPAA8UD0APZA+cD6wPyA/sEAAQNBBAEIgQlBCoAAAAAAAACAQAAAAAAAAAoAAAAAAAAAAAAAAAAAAAELA==}}

@inproceedings{CavNorCha13,
	Author = {Rodolfo C. Cavalcante and Thiago F. Noronha and Luiz Chaimowicz},
	Booktitle = {16th International Conference on Advanced Robotics (ICAR)},
	Date-Added = {2018-01-25 20:34:48 +0000},
	Date-Modified = {2018-01-25 20:38:31 +0000},
	Month = {November},
	Pages = {1--6},
	Publisher = {IEEE},
	Title = {Improving Combinatorial Auctions for Multi-Robot Exploration},
	Year = {2013},
	Bdsk-File-1 = {YnBsaXN0MDDUAQIDBAUGJCVYJHZlcnNpb25YJG9iamVjdHNZJGFyY2hpdmVyVCR0b3ASAAGGoKgHCBMUFRYaIVUkbnVsbNMJCgsMDxJXTlMua2V5c1pOUy5vYmplY3RzViRjbGFzc6INDoACgAOiEBGABIAFgAdccmVsYXRpdmVQYXRoWWFsaWFzRGF0YV8QUlJlZmVyZW5jZWQgUGFwZXJzL0ltcHJvdmluZyBDb21iaW5hdG9yaWFsIEF1Y3Rpb25zIGZvciBNdWx0aS1Sb2JvdCBFeHBsb3JhdGlvbi5wZGbSFwsYGVdOUy5kYXRhTxECmgAAAAACmgACAAAJQVBQTEUgSEREAAAAAAAAAAAAAAAAAAAAAAAA1HCB+kgrAAAAceJtH0ltcHJvdmluZyBDb21iaW5hdG9yIzgxNTJCNi5wZGYAAAAAAAAAAAAAAAAAAAAAAAAAAAAAAAAAAAAAAAAAAACBUrbWNH3jAAAAAAAAAAAAAQADAAAJIAAAAAAAAAAAAAAAAAAAABFSZWZlcmVuY2VkIFBhcGVycwAAEAAIAADUcMhKAAAAEQAIAADWNMQzAAAAAQAcAHHibQAMtxkADLUQAAy07wAMqa4ABoa7AAYwNQACAHhBUFBMRSBIREQ6VXNlcnM6AGV2YW5rYXVmbWFuOgBHb29nbGUgRHJpdmU6AEZEQ0w6AEV2YW46AFB1YmxpY2F0aW9uczoAUmVmZXJlbmNlZCBQYXBlcnM6AEltcHJvdmluZyBDb21iaW5hdG9yIzgxNTJCNi5wZGYADgCCAEAASQBtAHAAcgBvAHYAaQBuAGcAIABDAG8AbQBiAGkAbgBhAHQAbwByAGkAYQBsACAAQQB1AGMAdABpAG8AbgBzACAAZgBvAHIAIABNAHUAbAB0AGkALQBSAG8AYgBvAHQAIABFAHgAcABsAG8AcgBhAHQAaQBvAG4ALgBwAGQAZgAPABQACQBBAFAAUABMAEUAIABIAEQARAASAIhVc2Vycy9ldmFua2F1Zm1hbi9Hb29nbGUgRHJpdmUvRkRDTC9FdmFuL1B1YmxpY2F0aW9ucy9SZWZlcmVuY2VkIFBhcGVycy9JbXByb3ZpbmcgQ29tYmluYXRvcmlhbCBBdWN0aW9ucyBmb3IgTXVsdGktUm9ib3QgRXhwbG9yYXRpb24ucGRmABMAAS8AABUAAgAS//8AAIAG0hscHR5aJGNsYXNzbmFtZVgkY2xhc3Nlc11OU011dGFibGVEYXRhox0fIFZOU0RhdGFYTlNPYmplY3TSGxwiI1xOU0RpY3Rpb25hcnmiIiBfEA9OU0tleWVkQXJjaGl2ZXLRJidUcm9vdIABAAgAEQAaACMALQAyADcAQABGAE0AVQBgAGcAagBsAG4AcQBzAHUAdwCEAI4A4wDoAPADjgOQA5UDoAOpA7cDuwPCA8sD0APdA+AD8gP1A/oAAAAAAAACAQAAAAAAAAAoAAAAAAAAAAAAAAAAAAAD/A==}}

@inproceedings{KaeHow04,
	Author = {N. Koenig and A. Howard},
	Booktitle = {2004 IEEE/RSJ International Conference on Intelligent Robots and Systems},
	Date-Added = {2017-12-22 02:34:18 +0000},
	Date-Modified = {2017-12-22 02:37:10 +0000},
	Title = {Design and Use Paradigms for Gazebo, an Open-Source Multi-Robot Simulator},
	Year = {2004}}

@inproceedings{ZloSteDiaTha02,
	Author = {Robert Zlot and Anthony Stentz and M. Bernardine Dias and Scott Thayer},
	Booktitle = {Proceedings of the 2002 IEEE International Conference on Robotics \& Automation},
	Date-Added = {2017-12-14 01:09:41 +0000},
	Date-Modified = {2017-12-14 01:11:31 +0000},
	Editor = {IEEE},
	Pages = {3016--3023},
	Title = {Multi-Robot Exploration Controlled by a Market Economy},
	Year = {2002},
	Bdsk-File-1 = {YnBsaXN0MDDUAQIDBAUGJCVYJHZlcnNpb25YJG9iamVjdHNZJGFyY2hpdmVyVCR0b3ASAAGGoKgHCBMUFRYaIVUkbnVsbNMJCgsMDxJXTlMua2V5c1pOUy5vYmplY3RzViRjbGFzc6INDoACgAOiEBGABIAFgAdccmVsYXRpdmVQYXRoWWFsaWFzRGF0YV8QTFJlZmVyZW5jZWQgUGFwZXJzL011bHRpLVJvYm90IEV4cGxvcmF0aW9uIENvbnRyb2xsZWQgYnkgYSBNYXJrZXQgRWNvbm9teS5wZGbSFwsYGVdOUy5kYXRhTxECiAAAAAACiAACAAAJQVBQTEUgSEREAAAAAAAAAAAAAAAAAAAAAAAA1HCB+kgrAAAAceJtH011bHRpLVJvYm90IEV4cGxvcmF0IzgwRjVBNC5wZGYAAAAAAAAAAAAAAAAAAAAAAAAAAAAAAAAAAAAAAAAAAACA9aTWMFcRAAAAAAAAAAAAAQADAAAJIAAAAAAAAAAAAAAAAAAAABFSZWZlcmVuY2VkIFBhcGVycwAAEAAIAADUcMhKAAAAEQAIAADWMJ1hAAAAAQAcAHHibQAMtxkADLUQAAy07wAMqa4ABoa7AAYwNQACAHhBUFBMRSBIREQ6VXNlcnM6AGV2YW5rYXVmbWFuOgBHb29nbGUgRHJpdmU6AEZEQ0w6AEV2YW46AFB1YmxpY2F0aW9uczoAUmVmZXJlbmNlZCBQYXBlcnM6AE11bHRpLVJvYm90IEV4cGxvcmF0IzgwRjVBNC5wZGYADgB2ADoATQB1AGwAdABpAC0AUgBvAGIAbwB0ACAARQB4AHAAbABvAHIAYQB0AGkAbwBuACAAQwBvAG4AdAByAG8AbABsAGUAZAAgAGIAeQAgAGEAIABNAGEAcgBrAGUAdAAgAEUAYwBvAG4AbwBtAHkALgBwAGQAZgAPABQACQBBAFAAUABMAEUAIABIAEQARAASAIJVc2Vycy9ldmFua2F1Zm1hbi9Hb29nbGUgRHJpdmUvRkRDTC9FdmFuL1B1YmxpY2F0aW9ucy9SZWZlcmVuY2VkIFBhcGVycy9NdWx0aS1Sb2JvdCBFeHBsb3JhdGlvbiBDb250cm9sbGVkIGJ5IGEgTWFya2V0IEVjb25vbXkucGRmABMAAS8AABUAAgAS//8AAIAG0hscHR5aJGNsYXNzbmFtZVgkY2xhc3Nlc11OU011dGFibGVEYXRhox0fIFZOU0RhdGFYTlNPYmplY3TSGxwiI1xOU0RpY3Rpb25hcnmiIiBfEA9OU0tleWVkQXJjaGl2ZXLRJidUcm9vdIABAAgAEQAaACMALQAyADcAQABGAE0AVQBgAGcAagBsAG4AcQBzAHUAdwCEAI4A3QDiAOoDdgN4A30DiAORA58DowOqA7MDuAPFA8gD2gPdA+IAAAAAAAACAQAAAAAAAAAoAAAAAAAAAAAAAAAAAAAD5A==}}

@inproceedings{SimApfBurFoxMooThrYou00,
	Author = {Reid Simmons and David Apfelbaum and Wolfram Burgard and Dieter Fox and Mark Moors and Sebastian Thrun and H{\aa}kan Younes},
	Booktitle = {Proceedings of the Seventeenth National Conference on Artificial Intelligence and Twelfth Conference on Innovative Applications of Artificial Intelligence},
	Date-Added = {2017-12-14 00:04:46 +0000},
	Date-Modified = {2017-12-14 00:19:53 +0000},
	Editor = {AAAI},
	Pages = {852--858},
	Title = {Coordination for Multi-Robot Exploration and Mapping},
	Year = {2000},
	Bdsk-File-1 = {YnBsaXN0MDDUAQIDBAUGJCVYJHZlcnNpb25YJG9iamVjdHNZJGFyY2hpdmVyVCR0b3ASAAGGoKgHCBMUFRYaIVUkbnVsbNMJCgsMDxJXTlMua2V5c1pOUy5vYmplY3RzViRjbGFzc6INDoACgAOiEBGABIAFgAdccmVsYXRpdmVQYXRoWWFsaWFzRGF0YV8QSlJlZmVyZW5jZWQgUGFwZXJzL0Nvb3JkaW5hdGlvbiBmb3IgTXVsdGktUm9ib3QgRXhwbG9yYXRpb24gYW5kIE1hcHBpbmcucGRm0hcLGBlXTlMuZGF0YU8RAoIAAAAAAoIAAgAACUFQUExFIEhERAAAAAAAAAAAAAAAAAAAAAAAANRwgfpIKwAAAHHibR9Db29yZGluYXRpb24gZm9yIE11bCM4MEY1QjYucGRmAAAAAAAAAAAAAAAAAAAAAAAAAAAAAAAAAAAAAAAAAAAAgPW21Dan9gAAAAAAAAAAAAEAAwAACSAAAAAAAAAAAAAAAAAAAAARUmVmZXJlbmNlZCBQYXBlcnMAABAACAAA1HDISgAAABEACAAA1DbgNgAAAAEAHABx4m0ADLcZAAy1EAAMtO8ADKmuAAaGuwAGMDUAAgB4QVBQTEUgSEREOlVzZXJzOgBldmFua2F1Zm1hbjoAR29vZ2xlIERyaXZlOgBGRENMOgBFdmFuOgBQdWJsaWNhdGlvbnM6AFJlZmVyZW5jZWQgUGFwZXJzOgBDb29yZGluYXRpb24gZm9yIE11bCM4MEY1QjYucGRmAA4AcgA4AEMAbwBvAHIAZABpAG4AYQB0AGkAbwBuACAAZgBvAHIAIABNAHUAbAB0AGkALQBSAG8AYgBvAHQAIABFAHgAcABsAG8AcgBhAHQAaQBvAG4AIABhAG4AZAAgAE0AYQBwAHAAaQBuAGcALgBwAGQAZgAPABQACQBBAFAAUABMAEUAIABIAEQARAASAIBVc2Vycy9ldmFua2F1Zm1hbi9Hb29nbGUgRHJpdmUvRkRDTC9FdmFuL1B1YmxpY2F0aW9ucy9SZWZlcmVuY2VkIFBhcGVycy9Db29yZGluYXRpb24gZm9yIE11bHRpLVJvYm90IEV4cGxvcmF0aW9uIGFuZCBNYXBwaW5nLnBkZgATAAEvAAAVAAIAEv//AACABtIbHB0eWiRjbGFzc25hbWVYJGNsYXNzZXNdTlNNdXRhYmxlRGF0YaMdHyBWTlNEYXRhWE5TT2JqZWN00hscIiNcTlNEaWN0aW9uYXJ5oiIgXxAPTlNLZXllZEFyY2hpdmVy0SYnVHJvb3SAAQAIABEAGgAjAC0AMgA3AEAARgBNAFUAYABnAGoAbABuAHEAcwB1AHcAhACOANsA4ADoA24DcAN1A4ADiQOXA5sDogOrA7ADvQPAA9ID1QPaAAAAAAAAAgEAAAAAAAAAKAAAAAAAAAAAAAAAAAAAA9w=}}

@inproceedings{EliTorPul08,
	Address = {Atizap{\`a}n de Zaragoza, Mexico},
	Author = {Juan C. Elizondo-Leal, Gabriel Ram{\'\i}rez-Torres, Gregorio Toscano Pulido},
	Booktitle = {MICAI 2008: Advances in Artificial Intelligence},
	Date-Added = {2017-11-16 23:57:17 +0000},
	Date-Modified = {2017-11-17 00:08:52 +0000},
	Month = {October},
	Pages = {615--625},
	Publisher = {Springer},
	Title = {Multi-robot Exploration and Mapping Using Self Biddings and Stop Signals},
	Year = {2008},
	Bdsk-File-1 = {YnBsaXN0MDDUAQIDBAUGJCVYJHZlcnNpb25YJG9iamVjdHNZJGFyY2hpdmVyVCR0b3ASAAGGoKgHCBMUFRYaIVUkbnVsbNMJCgsMDxJXTlMua2V5c1pOUy5vYmplY3RzViRjbGFzc6INDoACgAOiEBGABIAFgAdccmVsYXRpdmVQYXRoWWFsaWFzRGF0YV8QXlJlZmVyZW5jZWQgUGFwZXJzL011bHRpLXJvYm90IEV4cGxvcmF0aW9uIGFuZCBNYXBwaW5nIFVzaW5nIFNlbGYgQmlkZGluZ3MgYW5kIFN0b3AgU2lnbmFscy5wZGbSFwsYGVdOUy5kYXRhTxECvgAAAAACvgACAAAJQVBQTEUgSEREAAAAAAAAAAAAAAAAAAAAAAAA1HCB+kgrAAAAceJtH011bHRpLXJvYm90IEV4cGxvcmF0IzgxNDc3OS5wZGYAAAAAAAAAAAAAAAAAAAAAAAAAAAAAAAAAAAAAAAAAAACBR3nWM5GJAAAAAAAAAAAAAQADAAAJIAAAAAAAAAAAAAAAAAAAABFSZWZlcmVuY2VkIFBhcGVycwAAEAAIAADUcMhKAAAAEQAIAADWM9fZAAAAAQAcAHHibQAMtxkADLUQAAy07wAMqa4ABoa7AAYwNQACAHhBUFBMRSBIREQ6VXNlcnM6AGV2YW5rYXVmbWFuOgBHb29nbGUgRHJpdmU6AEZEQ0w6AEV2YW46AFB1YmxpY2F0aW9uczoAUmVmZXJlbmNlZCBQYXBlcnM6AE11bHRpLXJvYm90IEV4cGxvcmF0IzgxNDc3OS5wZGYADgCaAEwATQB1AGwAdABpAC0AcgBvAGIAbwB0ACAARQB4AHAAbABvAHIAYQB0AGkAbwBuACAAYQBuAGQAIABNAGEAcABwAGkAbgBnACAAVQBzAGkAbgBnACAAUwBlAGwAZgAgAEIAaQBkAGQAaQBuAGcAcwAgAGEAbgBkACAAUwB0AG8AcAAgAFMAaQBnAG4AYQBsAHMALgBwAGQAZgAPABQACQBBAFAAUABMAEUAIABIAEQARAASAJRVc2Vycy9ldmFua2F1Zm1hbi9Hb29nbGUgRHJpdmUvRkRDTC9FdmFuL1B1YmxpY2F0aW9ucy9SZWZlcmVuY2VkIFBhcGVycy9NdWx0aS1yb2JvdCBFeHBsb3JhdGlvbiBhbmQgTWFwcGluZyBVc2luZyBTZWxmIEJpZGRpbmdzIGFuZCBTdG9wIFNpZ25hbHMucGRmABMAAS8AABUAAgAS//8AAIAG0hscHR5aJGNsYXNzbmFtZVgkY2xhc3Nlc11OU011dGFibGVEYXRhox0fIFZOU0RhdGFYTlNPYmplY3TSGxwiI1xOU0RpY3Rpb25hcnmiIiBfEA9OU0tleWVkQXJjaGl2ZXLRJidUcm9vdIABAAgAEQAaACMALQAyADcAQABGAE0AVQBgAGcAagBsAG4AcQBzAHUAdwCEAI4A7wD0APwDvgPAA8UD0APZA+cD6wPyA/sEAAQNBBAEIgQlBCoAAAAAAAACAQAAAAAAAAAoAAAAAAAAAAAAAAAAAAAELA==}}

@inproceedings{BerHuaKesKoeElmGriKle03,
	Address = {Las Vegas, NV, USA},
	Author = {M. Berhault ; H. Huang, P. Keskinocak, S. Koenig, W. Elmaghraby, P. Griffin , A. Kleywegt},
	Booktitle = {Intelligent Robots and Systems (IROS)},
	Date-Added = {2017-11-16 23:45:38 +0000},
	Date-Modified = {2017-11-16 23:52:30 +0000},
	Month = {October},
	Publisher = {IEEE},
	Title = {Robot Exploration with Combinatorial Auctions},
	Year = {2003},
	Bdsk-File-1 = {YnBsaXN0MDDUAQIDBAUGJCVYJHZlcnNpb25YJG9iamVjdHNZJGFyY2hpdmVyVCR0b3ASAAGGoKgHCBMUFRYaIVUkbnVsbNMJCgsMDxJXTlMua2V5c1pOUy5vYmplY3RzViRjbGFzc6INDoACgAOiEBGABIAFgAdccmVsYXRpdmVQYXRoWWFsaWFzRGF0YV8QQ1JlZmVyZW5jZWQgUGFwZXJzL1JvYm90IEV4cGxvcmF0aW9uIHdpdGggQ29tYmluYXRvcmlhbCBBdWN0aW9ucy5wZGbSFwsYGVdOUy5kYXRhTxECbgAAAAACbgACAAAJQVBQTEUgSEREAAAAAAAAAAAAAAAAAAAAAAAA1HCB+kgrAAAAceJtH1JvYm90IEV4cGxvcmF0aW9uIHdpIzgwRjU5MS5wZGYAAAAAAAAAAAAAAAAAAAAAAAAAAAAAAAAAAAAAAAAAAACA9ZHWMFnCAAAAAAAAAAAAAQADAAAJIAAAAAAAAAAAAAAAAAAAABFSZWZlcmVuY2VkIFBhcGVycwAAEAAIAADUcMhKAAAAEQAIAADWMKASAAAAAQAcAHHibQAMtxkADLUQAAy07wAMqa4ABoa7AAYwNQACAHhBUFBMRSBIREQ6VXNlcnM6AGV2YW5rYXVmbWFuOgBHb29nbGUgRHJpdmU6AEZEQ0w6AEV2YW46AFB1YmxpY2F0aW9uczoAUmVmZXJlbmNlZCBQYXBlcnM6AFJvYm90IEV4cGxvcmF0aW9uIHdpIzgwRjU5MS5wZGYADgBkADEAUgBvAGIAbwB0ACAARQB4AHAAbABvAHIAYQB0AGkAbwBuACAAdwBpAHQAaAAgAEMAbwBtAGIAaQBuAGEAdABvAHIAaQBhAGwAIABBAHUAYwB0AGkAbwBuAHMALgBwAGQAZgAPABQACQBBAFAAUABMAEUAIABIAEQARAASAHlVc2Vycy9ldmFua2F1Zm1hbi9Hb29nbGUgRHJpdmUvRkRDTC9FdmFuL1B1YmxpY2F0aW9ucy9SZWZlcmVuY2VkIFBhcGVycy9Sb2JvdCBFeHBsb3JhdGlvbiB3aXRoIENvbWJpbmF0b3JpYWwgQXVjdGlvbnMucGRmAAATAAEvAAAVAAIAEv//AACABtIbHB0eWiRjbGFzc25hbWVYJGNsYXNzZXNdTlNNdXRhYmxlRGF0YaMdHyBWTlNEYXRhWE5TT2JqZWN00hscIiNcTlNEaWN0aW9uYXJ5oiIgXxAPTlNLZXllZEFyY2hpdmVy0SYnVHJvb3SAAQAIABEAGgAjAC0AMgA3AEAARgBNAFUAYABnAGoAbABuAHEAcwB1AHcAhACOANQA2QDhA1MDVQNaA2UDbgN8A4ADhwOQA5UDogOlA7cDugO/AAAAAAAAAgEAAAAAAAAAKAAAAAAAAAAAAAAAAAAAA8E=}}

@article{ChoBruHow09,
	Author = {Han-Lim Choi and Luc Brunet and Jonathan P. How},
	Date-Added = {2017-11-16 23:38:44 +0000},
	Date-Modified = {2018-02-14 16:05:50 +0000},
	Journal = {IEEE Transactions on Robotics},
	Month = {August},
	Number = {4},
	Pages = {912--926},
	Title = {Consensus-Based Decentralized Auctions for Robust Task Allocation},
	Volume = {25},
	Year = {2009},
	Bdsk-File-1 = {YnBsaXN0MDDUAQIDBAUGJCVYJHZlcnNpb25YJG9iamVjdHNZJGFyY2hpdmVyVCR0b3ASAAGGoKgHCBMUFRYaIVUkbnVsbNMJCgsMDxJXTlMua2V5c1pOUy5vYmplY3RzViRjbGFzc6INDoACgAOiEBGABIAFgAdccmVsYXRpdmVQYXRoWWFsaWFzRGF0YV8QV1JlZmVyZW5jZWQgUGFwZXJzL0NvbnNlbnN1cy1CYXNlZCBEZWNlbnRyYWxpemVkIEF1Y3Rpb25zIGZvciBSb2J1c3QgVGFzayBBbGxvY2F0aW9uLnBkZtIXCxgZV05TLmRhdGFPEQKqAAAAAAKqAAIAAAlBUFBMRSBIREQAAAAAAAAAAAAAAAAAAAAAAADUcIH6SCsAAABx4m0fQ29uc2Vuc3VzLUJhc2VkIERlY2UjODE0Nzg4LnBkZgAAAAAAAAAAAAAAAAAAAAAAAAAAAAAAAAAAAAAAAAAAAIFHiNYzi18AAAAAAAAAAAABAAMAAAkgAAAAAAAAAAAAAAAAAAAAEVJlZmVyZW5jZWQgUGFwZXJzAAAQAAgAANRwyEoAAAARAAgAANYz0a8AAAABABwAceJtAAy3GQAMtRAADLTvAAyprgAGhrsABjA1AAIAeEFQUExFIEhERDpVc2VyczoAZXZhbmthdWZtYW46AEdvb2dsZSBEcml2ZToARkRDTDoARXZhbjoAUHVibGljYXRpb25zOgBSZWZlcmVuY2VkIFBhcGVyczoAQ29uc2Vuc3VzLUJhc2VkIERlY2UjODE0Nzg4LnBkZgAOAIwARQBDAG8AbgBzAGUAbgBzAHUAcwAtAEIAYQBzAGUAZAAgAEQAZQBjAGUAbgB0AHIAYQBsAGkAegBlAGQAIABBAHUAYwB0AGkAbwBuAHMAIABmAG8AcgAgAFIAbwBiAHUAcwB0ACAAVABhAHMAawAgAEEAbABsAG8AYwBhAHQAaQBvAG4ALgBwAGQAZgAPABQACQBBAFAAUABMAEUAIABIAEQARAASAI1Vc2Vycy9ldmFua2F1Zm1hbi9Hb29nbGUgRHJpdmUvRkRDTC9FdmFuL1B1YmxpY2F0aW9ucy9SZWZlcmVuY2VkIFBhcGVycy9Db25zZW5zdXMtQmFzZWQgRGVjZW50cmFsaXplZCBBdWN0aW9ucyBmb3IgUm9idXN0IFRhc2sgQWxsb2NhdGlvbi5wZGYAABMAAS8AABUAAgAS//8AAIAG0hscHR5aJGNsYXNzbmFtZVgkY2xhc3Nlc11OU011dGFibGVEYXRhox0fIFZOU0RhdGFYTlNPYmplY3TSGxwiI1xOU0RpY3Rpb25hcnmiIiBfEA9OU0tleWVkQXJjaGl2ZXLRJidUcm9vdIABAAgAEQAaACMALQAyADcAQABGAE0AVQBgAGcAagBsAG4AcQBzAHUAdwCEAI4A6ADtAPUDowOlA6oDtQO+A8wD0APXA+AD5QPyA/UEBwQKBA8AAAAAAAACAQAAAAAAAAAoAAAAAAAAAAAAAAAAAAAEEQ==}}

@inproceedings{BruChoHow08,
	Author = {Luc Brunet and Han-Lim Choi and Jonathan P. How},
	Booktitle = {AIAA Guidance, Navigation and Control Conference and Exhibit},
	Date-Added = {2017-11-16 23:32:02 +0000},
	Date-Modified = {2017-11-16 23:37:44 +0000},
	Month = {August},
	Publisher = {AIAA},
	Title = {Consensus-Based Auction Approaches for Decentralized Task Assignment},
	Year = {2008},
	Bdsk-File-1 = {YnBsaXN0MDDUAQIDBAUGJCVYJHZlcnNpb25YJG9iamVjdHNZJGFyY2hpdmVyVCR0b3ASAAGGoKgHCBMUFRYaIVUkbnVsbNMJCgsMDxJXTlMua2V5c1pOUy5vYmplY3RzViRjbGFzc6INDoACgAOiEBGABIAFgAdccmVsYXRpdmVQYXRoWWFsaWFzRGF0YV8QX1JlZmVyZW5jZWQgUGFwZXJzL0NPTkYgQ29uc2Vuc3VzLUJhc2VkIEF1Y3Rpb24gQXBwcm9hY2hlcyBmb3IgRGVjZW50cmFsaXplZCBUYXNrIEFzc2lnbm1lbnQucGRm0hcLGBlXTlMuZGF0YU8RAsIAAAAAAsIAAgAACUFQUExFIEhERAAAAAAAAAAAAAAAAAAAAAAAANRwgfpIKwAAAHHibR9DT05GIENvbnNlbnN1cy1CYXNlZCM4MEY1ODIucGRmAAAAAAAAAAAAAAAAAAAAAAAAAAAAAAAAAAAAAAAAAAAAgPWC1jBbQgAAAAAAAAAAAAEAAwAACSAAAAAAAAAAAAAAAAAAAAARUmVmZXJlbmNlZCBQYXBlcnMAABAACAAA1HDISgAAABEACAAA1jChkgAAAAEAHABx4m0ADLcZAAy1EAAMtO8ADKmuAAaGuwAGMDUAAgB4QVBQTEUgSEREOlVzZXJzOgBldmFua2F1Zm1hbjoAR29vZ2xlIERyaXZlOgBGRENMOgBFdmFuOgBQdWJsaWNhdGlvbnM6AFJlZmVyZW5jZWQgUGFwZXJzOgBDT05GIENvbnNlbnN1cy1CYXNlZCM4MEY1ODIucGRmAA4AnABNAEMATwBOAEYAIABDAG8AbgBzAGUAbgBzAHUAcwAtAEIAYQBzAGUAZAAgAEEAdQBjAHQAaQBvAG4AIABBAHAAcAByAG8AYQBjAGgAZQBzACAAZgBvAHIAIABEAGUAYwBlAG4AdAByAGEAbABpAHoAZQBkACAAVABhAHMAawAgAEEAcwBzAGkAZwBuAG0AZQBuAHQALgBwAGQAZgAPABQACQBBAFAAUABMAEUAIABIAEQARAASAJVVc2Vycy9ldmFua2F1Zm1hbi9Hb29nbGUgRHJpdmUvRkRDTC9FdmFuL1B1YmxpY2F0aW9ucy9SZWZlcmVuY2VkIFBhcGVycy9DT05GIENvbnNlbnN1cy1CYXNlZCBBdWN0aW9uIEFwcHJvYWNoZXMgZm9yIERlY2VudHJhbGl6ZWQgVGFzayBBc3NpZ25tZW50LnBkZgAAEwABLwAAFQACABL//wAAgAbSGxwdHlokY2xhc3NuYW1lWCRjbGFzc2VzXU5TTXV0YWJsZURhdGGjHR8gVk5TRGF0YVhOU09iamVjdNIbHCIjXE5TRGljdGlvbmFyeaIiIF8QD05TS2V5ZWRBcmNoaXZlctEmJ1Ryb290gAEACAARABoAIwAtADIANwBAAEYATQBVAGAAZwBqAGwAbgBxAHMAdQB3AIQAjgDwAPUA/QPDA8UDygPVA94D7APwA/cEAAQFBBIEFQQnBCoELwAAAAAAAAIBAAAAAAAAACgAAAAAAAAAAAAAAAAAAAQx}}

@misc{Joh06,
	Author = {Steven G. Johnson},
	Date-Added = {2017-10-16 22:30:56 +0000},
	Date-Modified = {2017-10-16 22:32:51 +0000},
	Howpublished = {arXiv:1508.04376},
	Month = {August 19},
	Title = {Saddle-point integration of C infinity bump functions},
	Year = {2015},
	Bdsk-File-1 = {YnBsaXN0MDDUAQIDBAUGJCVYJHZlcnNpb25YJG9iamVjdHNZJGFyY2hpdmVyVCR0b3ASAAGGoKgHCBMUFRYaIVUkbnVsbNMJCgsMDxJXTlMua2V5c1pOUy5vYmplY3RzViRjbGFzc6INDoACgAOiEBGABIAFgAdccmVsYXRpdmVQYXRoWWFsaWFzRGF0YV8QS1JlZmVyZW5jZWQgUGFwZXJzL1NhZGRsZSBwb2ludCBpbnRlZ3JhdGlvbiBvZiBDIGluZmluaXR5IGJ1bXAgZnVuY3Rpb25zLnBkZtIXCxgZV05TLmRhdGFPEQKGAAAAAAKGAAIAAAlBUFBMRSBIREQAAAAAAAAAAAAAAAAAAAAAAADUcIH6SCsAAABx4m0fU2FkZGxlIHBvaW50IGludGVncmEjNzM1RDIwLnBkZgAAAAAAAAAAAAAAAAAAAAAAAAAAAAAAAAAAAAAAAAAAAHNdINYKq1sAAAAAAAAAAAABAAMAAAkgAAAAAAAAAAAAAAAAAAAAEVJlZmVyZW5jZWQgUGFwZXJzAAAQAAgAANRwyEoAAAARAAgAANYK45sAAAABABwAceJtAAy3GQAMtRAADLTvAAyprgAGhrsABjA1AAIAeEFQUExFIEhERDpVc2VyczoAZXZhbmthdWZtYW46AEdvb2dsZSBEcml2ZToARkRDTDoARXZhbjoAUHVibGljYXRpb25zOgBSZWZlcmVuY2VkIFBhcGVyczoAU2FkZGxlIHBvaW50IGludGVncmEjNzM1RDIwLnBkZgAOAHQAOQBTAGEAZABkAGwAZQAgAHAAbwBpAG4AdAAgAGkAbgB0AGUAZwByAGEAdABpAG8AbgAgAG8AZgAgAEMAIABpAG4AZgBpAG4AaQB0AHkAIABiAHUAbQBwACAAZgB1AG4AYwB0AGkAbwBuAHMALgBwAGQAZgAPABQACQBBAFAAUABMAEUAIABIAEQARAASAIFVc2Vycy9ldmFua2F1Zm1hbi9Hb29nbGUgRHJpdmUvRkRDTC9FdmFuL1B1YmxpY2F0aW9ucy9SZWZlcmVuY2VkIFBhcGVycy9TYWRkbGUgcG9pbnQgaW50ZWdyYXRpb24gb2YgQyBpbmZpbml0eSBidW1wIGZ1bmN0aW9ucy5wZGYAABMAAS8AABUAAgAS//8AAIAG0hscHR5aJGNsYXNzbmFtZVgkY2xhc3Nlc11OU011dGFibGVEYXRhox0fIFZOU0RhdGFYTlNPYmplY3TSGxwiI1xOU0RpY3Rpb25hcnmiIiBfEA9OU0tleWVkQXJjaGl2ZXLRJidUcm9vdIABAAgAEQAaACMALQAyADcAQABGAE0AVQBgAGcAagBsAG4AcQBzAHUAdwCEAI4A3ADhAOkDcwN1A3oDhQOOA5wDoAOnA7ADtQPCA8UD1wPaA98AAAAAAAACAQAAAAAAAAAoAAAAAAAAAAAAAAAAAAAD4Q==}}

@inproceedings{GooDaeLee13,
	Author = {Farhad Goodarzi, Daewon Lee, Taeyoung Lee},
	Booktitle = {2013 European Control Conference (ECC)},
	Date-Added = {2017-10-16 20:32:21 +0000},
	Date-Modified = {2017-10-16 20:34:08 +0000},
	Month = {July 17--19},
	Pages = {3845--3850},
	Publisher = {IEEE},
	Title = {Geometric Nonlinear PID Control of a Quadrotor UAV on SE(3)},
	Year = {2013},
	Bdsk-File-1 = {YnBsaXN0MDDUAQIDBAUGJCVYJHZlcnNpb25YJG9iamVjdHNZJGFyY2hpdmVyVCR0b3ASAAGGoKgHCBMUFRYaIVUkbnVsbNMJCgsMDxJXTlMua2V5c1pOUy5vYmplY3RzViRjbGFzc6INDoACgAOiEBGABIAFgAdccmVsYXRpdmVQYXRoWWFsaWFzRGF0YV8QUVJlZmVyZW5jZWQgUGFwZXJzL0dlb21ldHJpYyBOb25saW5lYXIgUElEIENvbnRyb2wgb2YgYSBRdWFkcm90b3IgVUFWIG9uIFNFKDMpLnBkZtIXCxgZV05TLmRhdGFPEQKYAAAAAAKYAAIAAAlBUFBMRSBIREQAAAAAAAAAAAAAAAAAAAAAAADUcIH6SCsAAABx4m0fR2VvbWV0cmljIE5vbmxpbmVhciAjNzM1MzU5LnBkZgAAAAAAAAAAAAAAAAAAAAAAAAAAAAAAAAAAAAAAAAAAAHNTWdYKjhQAAAAAAAAAAAABAAMAAAkgAAAAAAAAAAAAAAAAAAAAEVJlZmVyZW5jZWQgUGFwZXJzAAAQAAgAANRwyEoAAAARAAgAANYKxlQAAAABABwAceJtAAy3GQAMtRAADLTvAAyprgAGhrsABjA1AAIAeEFQUExFIEhERDpVc2VyczoAZXZhbmthdWZtYW46AEdvb2dsZSBEcml2ZToARkRDTDoARXZhbjoAUHVibGljYXRpb25zOgBSZWZlcmVuY2VkIFBhcGVyczoAR2VvbWV0cmljIE5vbmxpbmVhciAjNzM1MzU5LnBkZgAOAIAAPwBHAGUAbwBtAGUAdAByAGkAYwAgAE4AbwBuAGwAaQBuAGUAYQByACAAUABJAEQAIABDAG8AbgB0AHIAbwBsACAAbwBmACAAYQAgAFEAdQBhAGQAcgBvAHQAbwByACAAVQBBAFYAIABvAG4AIABTAEUAKAAzACkALgBwAGQAZgAPABQACQBBAFAAUABMAEUAIABIAEQARAASAIdVc2Vycy9ldmFua2F1Zm1hbi9Hb29nbGUgRHJpdmUvRkRDTC9FdmFuL1B1YmxpY2F0aW9ucy9SZWZlcmVuY2VkIFBhcGVycy9HZW9tZXRyaWMgTm9ubGluZWFyIFBJRCBDb250cm9sIG9mIGEgUXVhZHJvdG9yIFVBViBvbiBTRSgzKS5wZGYAABMAAS8AABUAAgAS//8AAIAG0hscHR5aJGNsYXNzbmFtZVgkY2xhc3Nlc11OU011dGFibGVEYXRhox0fIFZOU0RhdGFYTlNPYmplY3TSGxwiI1xOU0RpY3Rpb25hcnmiIiBfEA9OU0tleWVkQXJjaGl2ZXLRJidUcm9vdIABAAgAEQAaACMALQAyADcAQABGAE0AVQBgAGcAagBsAG4AcQBzAHUAdwCEAI4A4gDnAO8DiwONA5IDnQOmA7QDuAO/A8gDzQPaA90D7wPyA/cAAAAAAAACAQAAAAAAAAAoAAAAAAAAAAAAAAAAAAAD+Q==}}

@inproceedings{KauAiLee16,
	Address = {San Francisco, USA},
	Author = {Evan Kaufman and Zhuming Ai and Taeyoung Lee},
	Booktitle = {Proceedings of the 2016 IEEE International Conference on Simulation, Modeling, and Programming for Autonomous Robots},
	Date-Added = {2017-10-09 21:44:21 +0000},
	Date-Modified = {2018-02-14 16:05:13 +0000},
	Month = {December 13--16},
	Pages = {246--251},
	Publisher = {IEEE},
	Title = {Autonomous Exploration by Expected Information Gain from Probabilistic Occupancy Grid Mapping},
	Year = {2016},
	Bdsk-File-1 = {YnBsaXN0MDDUAQIDBAUGJCVYJHZlcnNpb25YJG9iamVjdHNZJGFyY2hpdmVyVCR0b3ASAAGGoKgHCBMUFRYaIVUkbnVsbNMJCgsMDxJXTlMua2V5c1pOUy5vYmplY3RzViRjbGFzc6INDoACgAOiEBGABIAFgAdccmVsYXRpdmVQYXRoWWFsaWFzRGF0YV8Qc1JlZmVyZW5jZWQgUGFwZXJzL0F1dG9ub21vdXMgRXhwbG9yYXRpb24gYnkgRXhwZWN0ZWQgSW5mb3JtYXRpb24gR2FpbiBmcm9tIFByb2JhYmlsaXN0aWMgT2NjdXBhbmN5IEdyaWQgTWFwcGluZy5wZGbSFwsYGVdOUy5kYXRhTxEC/gAAAAAC/gACAAAJQVBQTEUgSEREAAAAAAAAAAAAAAAAAAAAAAAA1HCB+kgrAAAAceJtH0F1dG9ub21vdXMgRXhwbG9yYXRpIzcyMkE1OS5wZGYAAAAAAAAAAAAAAAAAAAAAAAAAAAAAAAAAAAAAAAAAAAByKlnWAWW/AAAAAAAAAAAAAQADAAAJIAAAAAAAAAAAAAAAAAAAABFSZWZlcmVuY2VkIFBhcGVycwAAEAAIAADUcMhKAAAAEQAIAADWAZ3/AAAAAQAcAHHibQAMtxkADLUQAAy07wAMqa4ABoa7AAYwNQACAHhBUFBMRSBIREQ6VXNlcnM6AGV2YW5rYXVmbWFuOgBHb29nbGUgRHJpdmU6AEZEQ0w6AEV2YW46AFB1YmxpY2F0aW9uczoAUmVmZXJlbmNlZCBQYXBlcnM6AEF1dG9ub21vdXMgRXhwbG9yYXRpIzcyMkE1OS5wZGYADgDEAGEAQQB1AHQAbwBuAG8AbQBvAHUAcwAgAEUAeABwAGwAbwByAGEAdABpAG8AbgAgAGIAeQAgAEUAeABwAGUAYwB0AGUAZAAgAEkAbgBmAG8AcgBtAGEAdABpAG8AbgAgAEcAYQBpAG4AIABmAHIAbwBtACAAUAByAG8AYgBhAGIAaQBsAGkAcwB0AGkAYwAgAE8AYwBjAHUAcABhAG4AYwB5ACAARwByAGkAZAAgAE0AYQBwAHAAaQBuAGcALgBwAGQAZgAPABQACQBBAFAAUABMAEUAIABIAEQARAASAKlVc2Vycy9ldmFua2F1Zm1hbi9Hb29nbGUgRHJpdmUvRkRDTC9FdmFuL1B1YmxpY2F0aW9ucy9SZWZlcmVuY2VkIFBhcGVycy9BdXRvbm9tb3VzIEV4cGxvcmF0aW9uIGJ5IEV4cGVjdGVkIEluZm9ybWF0aW9uIEdhaW4gZnJvbSBQcm9iYWJpbGlzdGljIE9jY3VwYW5jeSBHcmlkIE1hcHBpbmcucGRmAAATAAEvAAAVAAIAEv//AACABtIbHB0eWiRjbGFzc25hbWVYJGNsYXNzZXNdTlNNdXRhYmxlRGF0YaMdHyBWTlNEYXRhWE5TT2JqZWN00hscIiNcTlNEaWN0aW9uYXJ5oiIgXxAPTlNLZXllZEFyY2hpdmVy0SYnVHJvb3SAAQAIABEAGgAjAC0AMgA3AEAARgBNAFUAYABnAGoAbABuAHEAcwB1AHcAhACOAQQBCQERBBMEFQQaBCUELgQ8BEAERwRQBFUEYgRlBHcEegR/AAAAAAAAAgEAAAAAAAAAKAAAAAAAAAAAAAAAAAAABIE=}}

@article{KleDor13,
	Author = {Alexander Kleiner, Christian Dornhege},
	Date-Added = {2017-10-09 20:24:00 +0000},
	Date-Modified = {2017-10-09 20:25:11 +0000},
	Journal = {Advanced Robotics},
	Number = {6},
	Pages = {459--468},
	Title = {A Frontier-Void-Based Approach for Autonomous Exploration in 3D},
	Volume = {27},
	Year = {2013},
	Bdsk-File-1 = {YnBsaXN0MDDUAQIDBAUGJCVYJHZlcnNpb25YJG9iamVjdHNZJGFyY2hpdmVyVCR0b3ASAAGGoKgHCBMUFRYaIVUkbnVsbNMJCgsMDxJXTlMua2V5c1pOUy5vYmplY3RzViRjbGFzc6INDoACgAOiEBGABIAFgAdccmVsYXRpdmVQYXRoWWFsaWFzRGF0YV8QVVJlZmVyZW5jZWQgUGFwZXJzL0EgRnJvbnRpZXItVm9pZC1CYXNlZCBBcHByb2FjaCBmb3IgQXV0b25vbW91cyBFeHBsb3JhdGlvbiBpbiAzRC5wZGbSFwsYGVdOUy5kYXRhTxECpAAAAAACpAACAAAJQVBQTEUgSEREAAAAAAAAAAAAAAAAAAAAAAAA1HCB+kgrAAAAceJtH0EgRnJvbnRpZXItVm9pZC1CYXNlIzcyMUUxQS5wZGYAAAAAAAAAAAAAAAAAAAAAAAAAAAAAAAAAAAAAAAAAAAByHhrWAVLUAAAAAAAAAAAAAQADAAAJIAAAAAAAAAAAAAAAAAAAABFSZWZlcmVuY2VkIFBhcGVycwAAEAAIAADUcMhKAAAAEQAIAADWAYsUAAAAAQAcAHHibQAMtxkADLUQAAy07wAMqa4ABoa7AAYwNQACAHhBUFBMRSBIREQ6VXNlcnM6AGV2YW5rYXVmbWFuOgBHb29nbGUgRHJpdmU6AEZEQ0w6AEV2YW46AFB1YmxpY2F0aW9uczoAUmVmZXJlbmNlZCBQYXBlcnM6AEEgRnJvbnRpZXItVm9pZC1CYXNlIzcyMUUxQS5wZGYADgCIAEMAQQAgAEYAcgBvAG4AdABpAGUAcgAtAFYAbwBpAGQALQBCAGEAcwBlAGQAIABBAHAAcAByAG8AYQBjAGgAIABmAG8AcgAgAEEAdQB0AG8AbgBvAG0AbwB1AHMAIABFAHgAcABsAG8AcgBhAHQAaQBvAG4AIABpAG4AIAAzAEQALgBwAGQAZgAPABQACQBBAFAAUABMAEUAIABIAEQARAASAItVc2Vycy9ldmFua2F1Zm1hbi9Hb29nbGUgRHJpdmUvRkRDTC9FdmFuL1B1YmxpY2F0aW9ucy9SZWZlcmVuY2VkIFBhcGVycy9BIEZyb250aWVyLVZvaWQtQmFzZWQgQXBwcm9hY2ggZm9yIEF1dG9ub21vdXMgRXhwbG9yYXRpb24gaW4gM0QucGRmAAATAAEvAAAVAAIAEv//AACABtIbHB0eWiRjbGFzc25hbWVYJGNsYXNzZXNdTlNNdXRhYmxlRGF0YaMdHyBWTlNEYXRhWE5TT2JqZWN00hscIiNcTlNEaWN0aW9uYXJ5oiIgXxAPTlNLZXllZEFyY2hpdmVy0SYnVHJvb3SAAQAIABEAGgAjAC0AMgA3AEAARgBNAFUAYABnAGoAbABuAHEAcwB1AHcAhACOAOYA6wDzA5sDnQOiA60DtgPEA8gDzwPYA90D6gPtA/8EAgQHAAAAAAAAAgEAAAAAAAAAKAAAAAAAAAAAAAAAAAAABAk=}}

@inproceedings{SenWan16,
	Author = {P.G.C.N. Senarathne and Danwei Wang},
	Booktitle = {2016 IEEE International Symposium on Safety, Security, and Rescue Robotics (SSRR)},
	Date-Added = {2017-10-09 20:14:37 +0000},
	Date-Modified = {2018-02-14 16:04:02 +0000},
	Pages = {34--41},
	Title = {Towards Autonomous 3D Exploration Using Surface Frontiers},
	Year = {2016},
	Bdsk-File-1 = {YnBsaXN0MDDUAQIDBAUGJCVYJHZlcnNpb25YJG9iamVjdHNZJGFyY2hpdmVyVCR0b3ASAAGGoKgHCBMUFRYaIVUkbnVsbNMJCgsMDxJXTlMua2V5c1pOUy5vYmplY3RzViRjbGFzc6INDoACgAOiEBGABIAFgAdccmVsYXRpdmVQYXRoWWFsaWFzRGF0YV8QT1JlZmVyZW5jZWQgUGFwZXJzL1Rvd2FyZHMgYXV0b25vbW91cyAzRCBleHBsb3JhdGlvbiB1c2luZyBzdXJmYWNlIGZyb250aWVycy5wZGbSFwsYGVdOUy5kYXRhTxECkgAAAAACkgACAAAJQVBQTEUgSEREAAAAAAAAAAAAAAAAAAAAAAAA1HCB+kgrAAAAceJtH1Rvd2FyZHMgYXV0b25vbW91cyAzIzcyMUFGMC5wZGYAAAAAAAAAAAAAAAAAAAAAAAAAAAAAAAAAAAAAAAAAAAByGvDWAVATAAAAAAAAAAAAAQADAAAJIAAAAAAAAAAAAAAAAAAAABFSZWZlcmVuY2VkIFBhcGVycwAAEAAIAADUcMhKAAAAEQAIAADWAYhTAAAAAQAcAHHibQAMtxkADLUQAAy07wAMqa4ABoa7AAYwNQACAHhBUFBMRSBIREQ6VXNlcnM6AGV2YW5rYXVmbWFuOgBHb29nbGUgRHJpdmU6AEZEQ0w6AEV2YW46AFB1YmxpY2F0aW9uczoAUmVmZXJlbmNlZCBQYXBlcnM6AFRvd2FyZHMgYXV0b25vbW91cyAzIzcyMUFGMC5wZGYADgB8AD0AVABvAHcAYQByAGQAcwAgAGEAdQB0AG8AbgBvAG0AbwB1AHMAIAAzAEQAIABlAHgAcABsAG8AcgBhAHQAaQBvAG4AIAB1AHMAaQBuAGcAIABzAHUAcgBmAGEAYwBlACAAZgByAG8AbgB0AGkAZQByAHMALgBwAGQAZgAPABQACQBBAFAAUABMAEUAIABIAEQARAASAIVVc2Vycy9ldmFua2F1Zm1hbi9Hb29nbGUgRHJpdmUvRkRDTC9FdmFuL1B1YmxpY2F0aW9ucy9SZWZlcmVuY2VkIFBhcGVycy9Ub3dhcmRzIGF1dG9ub21vdXMgM0QgZXhwbG9yYXRpb24gdXNpbmcgc3VyZmFjZSBmcm9udGllcnMucGRmAAATAAEvAAAVAAIAEv//AACABtIbHB0eWiRjbGFzc25hbWVYJGNsYXNzZXNdTlNNdXRhYmxlRGF0YaMdHyBWTlNEYXRhWE5TT2JqZWN00hscIiNcTlNEaWN0aW9uYXJ5oiIgXxAPTlNLZXllZEFyY2hpdmVy0SYnVHJvb3SAAQAIABEAGgAjAC0AMgA3AEAARgBNAFUAYABnAGoAbABuAHEAcwB1AHcAhACOAOAA5QDtA4MDhQOKA5UDngOsA7ADtwPAA8UD0gPVA+cD6gPvAAAAAAAAAgEAAAAAAAAAKAAAAAAAAAAAAAAAAAAAA/E=}}

@inproceedings{ZhuDinLinWu15,
	Author = {Cheng Zhu and Rong Ding and Mengxiang Lin and Yuanyuan Wu},
	Booktitle = {IEEE 27th International Conference on Tools with Artificial Intelligence},
	Date-Added = {2017-10-09 19:50:35 +0000},
	Date-Modified = {2018-02-14 16:00:56 +0000},
	Pages = {348--352},
	Title = {A 3D frontier-based exploration tool for MAVs},
	Year = {2015},
	Bdsk-File-1 = {YnBsaXN0MDDUAQIDBAUGJCVYJHZlcnNpb25YJG9iamVjdHNZJGFyY2hpdmVyVCR0b3ASAAGGoKgHCBMUFRYaIVUkbnVsbNMJCgsMDxJXTlMua2V5c1pOUy5vYmplY3RzViRjbGFzc6INDoACgAOiEBGABIAFgAdccmVsYXRpdmVQYXRoWWFsaWFzRGF0YV8QQ1JlZmVyZW5jZWQgUGFwZXJzL0EgM0QgZnJvbnRpZXItYmFzZWQgZXhwbG9yYXRpb24gdG9vbCBmb3IgTUFWcy5wZGbSFwsYGVdOUy5kYXRhTxECbgAAAAACbgACAAAJQVBQTEUgSEREAAAAAAAAAAAAAAAAAAAAAAAA1HCB+kgrAAAAceJtH0EgM0QgZnJvbnRpZXItYmFzZWQgIzcyMTc3MS5wZGYAAAAAAAAAAAAAAAAAAAAAAAAAAAAAAAAAAAAAAAAAAAByF3HWAUoSAAAAAAAAAAAAAQADAAAJIAAAAAAAAAAAAAAAAAAAABFSZWZlcmVuY2VkIFBhcGVycwAAEAAIAADUcMhKAAAAEQAIAADWAYJSAAAAAQAcAHHibQAMtxkADLUQAAy07wAMqa4ABoa7AAYwNQACAHhBUFBMRSBIREQ6VXNlcnM6AGV2YW5rYXVmbWFuOgBHb29nbGUgRHJpdmU6AEZEQ0w6AEV2YW46AFB1YmxpY2F0aW9uczoAUmVmZXJlbmNlZCBQYXBlcnM6AEEgM0QgZnJvbnRpZXItYmFzZWQgIzcyMTc3MS5wZGYADgBkADEAQQAgADMARAAgAGYAcgBvAG4AdABpAGUAcgAtAGIAYQBzAGUAZAAgAGUAeABwAGwAbwByAGEAdABpAG8AbgAgAHQAbwBvAGwAIABmAG8AcgAgAE0AQQBWAHMALgBwAGQAZgAPABQACQBBAFAAUABMAEUAIABIAEQARAASAHlVc2Vycy9ldmFua2F1Zm1hbi9Hb29nbGUgRHJpdmUvRkRDTC9FdmFuL1B1YmxpY2F0aW9ucy9SZWZlcmVuY2VkIFBhcGVycy9BIDNEIGZyb250aWVyLWJhc2VkIGV4cGxvcmF0aW9uIHRvb2wgZm9yIE1BVnMucGRmAAATAAEvAAAVAAIAEv//AACABtIbHB0eWiRjbGFzc25hbWVYJGNsYXNzZXNdTlNNdXRhYmxlRGF0YaMdHyBWTlNEYXRhWE5TT2JqZWN00hscIiNcTlNEaWN0aW9uYXJ5oiIgXxAPTlNLZXllZEFyY2hpdmVy0SYnVHJvb3SAAQAIABEAGgAjAC0AMgA3AEAARgBNAFUAYABnAGoAbABuAHEAcwB1AHcAhACOANQA2QDhA1MDVQNaA2UDbgN8A4ADhwOQA5UDogOlA7cDugO/AAAAAAAAAgEAAAAAAAAAKAAAAAAAAAAAAAAAAAAAA8E=}}

@inproceedings{SawKriSri09,
	Author = {Rahul Sawhney and K. Madhava Krishna and Kannan Srinathan},
	Booktitle = {International Conference on Autonomous Agents and Multiagent Systems},
	Date-Added = {2017-10-09 19:37:24 +0000},
	Date-Modified = {2018-02-14 16:04:27 +0000},
	Pages = {73--80},
	Title = {On Fast Exploration in 2D and 3D Terrains with Multiple Robots},
	Year = {2009},
	Bdsk-File-1 = {YnBsaXN0MDDUAQIDBAUGJCVYJHZlcnNpb25YJG9iamVjdHNZJGFyY2hpdmVyVCR0b3ASAAGGoKgHCBMUFRYaIVUkbnVsbNMJCgsMDxJXTlMua2V5c1pOUy5vYmplY3RzViRjbGFzc6INDoACgAOiEBGABIAFgAdccmVsYXRpdmVQYXRoWWFsaWFzRGF0YV8QVFJlZmVyZW5jZWQgUGFwZXJzL09uIEZhc3QgRXhwbG9yYXRpb24gaW4gMkQgYW5kIDNEIFRlcnJhaW5zIHdpdGggTXVsdGlwbGUgUm9ib3RzLnBkZtIXCxgZV05TLmRhdGFPEQKgAAAAAAKgAAIAAAlBUFBMRSBIREQAAAAAAAAAAAAAAAAAAAAAAADUcIH6SCsAAABx4m0fT24gRmFzdCBFeHBsb3JhdGlvbiAjNzIxNEJFLnBkZgAAAAAAAAAAAAAAAAAAAAAAAAAAAAAAAAAAAAAAAAAAAHIUvtYBRmcAAAAAAAAAAAABAAMAAAkgAAAAAAAAAAAAAAAAAAAAEVJlZmVyZW5jZWQgUGFwZXJzAAAQAAgAANRwyEoAAAARAAgAANYBfqcAAAABABwAceJtAAy3GQAMtRAADLTvAAyprgAGhrsABjA1AAIAeEFQUExFIEhERDpVc2VyczoAZXZhbmthdWZtYW46AEdvb2dsZSBEcml2ZToARkRDTDoARXZhbjoAUHVibGljYXRpb25zOgBSZWZlcmVuY2VkIFBhcGVyczoAT24gRmFzdCBFeHBsb3JhdGlvbiAjNzIxNEJFLnBkZgAOAIYAQgBPAG4AIABGAGEAcwB0ACAARQB4AHAAbABvAHIAYQB0AGkAbwBuACAAaQBuACAAMgBEACAAYQBuAGQAIAAzAEQAIABUAGUAcgByAGEAaQBuAHMAIAB3AGkAdABoACAATQB1AGwAdABpAHAAbABlACAAUgBvAGIAbwB0AHMALgBwAGQAZgAPABQACQBBAFAAUABMAEUAIABIAEQARAASAIpVc2Vycy9ldmFua2F1Zm1hbi9Hb29nbGUgRHJpdmUvRkRDTC9FdmFuL1B1YmxpY2F0aW9ucy9SZWZlcmVuY2VkIFBhcGVycy9PbiBGYXN0IEV4cGxvcmF0aW9uIGluIDJEIGFuZCAzRCBUZXJyYWlucyB3aXRoIE11bHRpcGxlIFJvYm90cy5wZGYAEwABLwAAFQACABL//wAAgAbSGxwdHlokY2xhc3NuYW1lWCRjbGFzc2VzXU5TTXV0YWJsZURhdGGjHR8gVk5TRGF0YVhOU09iamVjdNIbHCIjXE5TRGljdGlvbmFyeaIiIF8QD05TS2V5ZWRBcmNoaXZlctEmJ1Ryb290gAEACAARABoAIwAtADIANwBAAEYATQBVAGAAZwBqAGwAbgBxAHMAdQB3AIQAjgDlAOoA8gOWA5gDnQOoA7EDvwPDA8oD0wPYA+UD6AP6A/0EAgAAAAAAAAIBAAAAAAAAACgAAAAAAAAAAAAAAAAAAAQE}}

@article{KauTakAiLee17,
	Author = {Evan Kaufman and Kuya Takami and Zhuming Ai and Taeyoung Lee},
	Date-Added = {2017-10-09 18:25:30 +0000},
	Date-Modified = {2018-02-14 16:00:04 +0000},
	Journal = {Journal of Intelligent and Robotic Systems},
	Keywords = {https://doi.org/10.1007/s10846-017-0710-7},
	Title = {Autonomous Exploration with Exact Inverse Sensor Models},
	Year = {2017},
	Bdsk-File-1 = {YnBsaXN0MDDUAQIDBAUGJCVYJHZlcnNpb25YJG9iamVjdHNZJGFyY2hpdmVyVCR0b3ASAAGGoKgHCBMUFRYaIVUkbnVsbNMJCgsMDxJXTlMua2V5c1pOUy5vYmplY3RzViRjbGFzc6INDoACgAOiEBGABIAFgAdccmVsYXRpdmVQYXRoWWFsaWFzRGF0YV8QTVJlZmVyZW5jZWQgUGFwZXJzL0F1dG9ub21vdXMgRXhwbG9yYXRpb24gd2l0aCBFeGFjdCBJbnZlcnNlIFNlbnNvciBNb2RlbHMucGRm0hcLGBlXTlMuZGF0YU8RAowAAAAAAowAAgAACUFQUExFIEhERAAAAAAAAAAAAAAAAAAAAAAAANRwgfpIKwAAAHHibR9BdXRvbm9tb3VzIEV4cGxvcmF0aSM4MTgzNTMucGRmAAAAAAAAAAAAAAAAAAAAAAAAAAAAAAAAAAAAAAAAAAAAgYNT1jSCcQAAAAAAAAAAAAEAAwAACSAAAAAAAAAAAAAAAAAAAAARUmVmZXJlbmNlZCBQYXBlcnMAABAACAAA1HDISgAAABEACAAA1jTIwQAAAAEAHABx4m0ADLcZAAy1EAAMtO8ADKmuAAaGuwAGMDUAAgB4QVBQTEUgSEREOlVzZXJzOgBldmFua2F1Zm1hbjoAR29vZ2xlIERyaXZlOgBGRENMOgBFdmFuOgBQdWJsaWNhdGlvbnM6AFJlZmVyZW5jZWQgUGFwZXJzOgBBdXRvbm9tb3VzIEV4cGxvcmF0aSM4MTgzNTMucGRmAA4AeAA7AEEAdQB0AG8AbgBvAG0AbwB1AHMAIABFAHgAcABsAG8AcgBhAHQAaQBvAG4AIAB3AGkAdABoACAARQB4AGEAYwB0ACAASQBuAHYAZQByAHMAZQAgAFMAZQBuAHMAbwByACAATQBvAGQAZQBsAHMALgBwAGQAZgAPABQACQBBAFAAUABMAEUAIABIAEQARAASAINVc2Vycy9ldmFua2F1Zm1hbi9Hb29nbGUgRHJpdmUvRkRDTC9FdmFuL1B1YmxpY2F0aW9ucy9SZWZlcmVuY2VkIFBhcGVycy9BdXRvbm9tb3VzIEV4cGxvcmF0aW9uIHdpdGggRXhhY3QgSW52ZXJzZSBTZW5zb3IgTW9kZWxzLnBkZgAAEwABLwAAFQACABL//wAAgAbSGxwdHlokY2xhc3NuYW1lWCRjbGFzc2VzXU5TTXV0YWJsZURhdGGjHR8gVk5TRGF0YVhOU09iamVjdNIbHCIjXE5TRGljdGlvbmFyeaIiIF8QD05TS2V5ZWRBcmNoaXZlctEmJ1Ryb290gAEACAARABoAIwAtADIANwBAAEYATQBVAGAAZwBqAGwAbgBxAHMAdQB3AIQAjgDeAOMA6wN7A30DggONA5YDpAOoA68DuAO9A8oDzQPfA+ID5wAAAAAAAAIBAAAAAAAAACgAAAAAAAAAAAAAAAAAAAPp}}

@article{HorWurBenStaBur13,
	Author = {Armin Hornung and Kai M. Wurm and Maren Bennewitz and Cyrill Stachniss and Wolfram Burgard},
	Date-Added = {2017-10-09 17:53:34 +0000},
	Date-Modified = {2018-02-14 15:58:59 +0000},
	Journal = {Autonomous Robots},
	Number = {3},
	Pages = {189--206},
	Title = {OctoMap: an efficient probabilistic 3D mapping framework based on octrees},
	Volume = {34},
	Year = {2013},
	Bdsk-File-1 = {YnBsaXN0MDDUAQIDBAUGJCVYJHZlcnNpb25YJG9iamVjdHNZJGFyY2hpdmVyVCR0b3ASAAGGoKgHCBMUFRYaIVUkbnVsbNMJCgsMDxJXTlMua2V5c1pOUy5vYmplY3RzViRjbGFzc6INDoACgAOiEBGABIAFgAdccmVsYXRpdmVQYXRoWWFsaWFzRGF0YV8QXlJlZmVyZW5jZWQgUGFwZXJzL09jdG9NYXAgYW4gZWZmaWNpZW50IHByb2JhYmlsaXN0aWMgM0QgbWFwcGluZyBmcmFtZXdvcmsgYmFzZWQgb24gb2N0cmVlcy5wZGbSFwsYGVdOUy5kYXRhTxECvgAAAAACvgACAAAJQVBQTEUgSEREAAAAAAAAAAAAAAAAAAAAAAAA1HCB+kgrAAAAceJtH09jdG9NYXAgYW4gZWZmaWNpZW50IzcxRkZCMS5wZGYAAAAAAAAAAAAAAAAAAAAAAAAAAAAAAAAAAAAAAAAAAABx/7HWAS+IAAAAAAAAAAAAAQADAAAJIAAAAAAAAAAAAAAAAAAAABFSZWZlcmVuY2VkIFBhcGVycwAAEAAIAADUcMhKAAAAEQAIAADWAWfIAAAAAQAcAHHibQAMtxkADLUQAAy07wAMqa4ABoa7AAYwNQACAHhBUFBMRSBIREQ6VXNlcnM6AGV2YW5rYXVmbWFuOgBHb29nbGUgRHJpdmU6AEZEQ0w6AEV2YW46AFB1YmxpY2F0aW9uczoAUmVmZXJlbmNlZCBQYXBlcnM6AE9jdG9NYXAgYW4gZWZmaWNpZW50IzcxRkZCMS5wZGYADgCaAEwATwBjAHQAbwBNAGEAcAAgAGEAbgAgAGUAZgBmAGkAYwBpAGUAbgB0ACAAcAByAG8AYgBhAGIAaQBsAGkAcwB0AGkAYwAgADMARAAgAG0AYQBwAHAAaQBuAGcAIABmAHIAYQBtAGUAdwBvAHIAawAgAGIAYQBzAGUAZAAgAG8AbgAgAG8AYwB0AHIAZQBlAHMALgBwAGQAZgAPABQACQBBAFAAUABMAEUAIABIAEQARAASAJRVc2Vycy9ldmFua2F1Zm1hbi9Hb29nbGUgRHJpdmUvRkRDTC9FdmFuL1B1YmxpY2F0aW9ucy9SZWZlcmVuY2VkIFBhcGVycy9PY3RvTWFwIGFuIGVmZmljaWVudCBwcm9iYWJpbGlzdGljIDNEIG1hcHBpbmcgZnJhbWV3b3JrIGJhc2VkIG9uIG9jdHJlZXMucGRmABMAAS8AABUAAgAS//8AAIAG0hscHR5aJGNsYXNzbmFtZVgkY2xhc3Nlc11OU011dGFibGVEYXRhox0fIFZOU0RhdGFYTlNPYmplY3TSGxwiI1xOU0RpY3Rpb25hcnmiIiBfEA9OU0tleWVkQXJjaGl2ZXLRJidUcm9vdIABAAgAEQAaACMALQAyADcAQABGAE0AVQBgAGcAagBsAG4AcQBzAHUAdwCEAI4A7wD0APwDvgPAA8UD0APZA+cD6wPyA/sEAAQNBBAEIgQlBCoAAAAAAAACAQAAAAAAAAAoAAAAAAAAAAAAAAAAAAAELA==}}

@inproceedings{Andert09,
	Author = {Franz Andert},
	Booktitle = {IEEE/RSJ International Conference on Intelligent Robots and Systems},
	Date-Added = {2017-10-09 17:49:03 +0000},
	Date-Modified = {2017-10-09 17:50:22 +0000},
	Title = {Drawing Stereo Disparity Images into Occupancy Grids: Measurement Model and Fast Implementation},
	Year = {2009},
	Bdsk-File-1 = {YnBsaXN0MDDUAQIDBAUGJCVYJHZlcnNpb25YJG9iamVjdHNZJGFyY2hpdmVyVCR0b3ASAAGGoKgHCBMUFRYaIVUkbnVsbNMJCgsMDxJXTlMua2V5c1pOUy5vYmplY3RzViRjbGFzc6INDoACgAOiEBGABIAFgAdccmVsYXRpdmVQYXRoWWFsaWFzRGF0YV8QdVJlZmVyZW5jZWQgUGFwZXJzL0RyYXdpbmcgU3RlcmVvIERpc3Bhcml0eSBJbWFnZXMgaW50byBPY2N1cGFuY3kgR3JpZHM6IE1lYXN1cmVtZW50IE1vZGVsIGFuZCBGYXN0IEltcGxlbWVudGF0aW9uLnBkZtIXCxgZV05TLmRhdGFPEQMEAAAAAAMEAAIAAAlBUFBMRSBIREQAAAAAAAAAAAAAAAAAAAAAAADUcIH6SCsAAABx4m0fRHJhd2luZyBTdGVyZW8gRGlzcGEjNzFGRTc1LnBkZgAAAAAAAAAAAAAAAAAAAAAAAAAAAAAAAAAAAAAAAAAAAHH+ddYBLo8AAAAAAAAAAAABAAMAAAkgAAAAAAAAAAAAAAAAAAAAEVJlZmVyZW5jZWQgUGFwZXJzAAAQAAgAANRwyEoAAAARAAgAANYBZs8AAAABABwAceJtAAy3GQAMtRAADLTvAAyprgAGhrsABjA1AAIAeEFQUExFIEhERDpVc2VyczoAZXZhbmthdWZtYW46AEdvb2dsZSBEcml2ZToARkRDTDoARXZhbjoAUHVibGljYXRpb25zOgBSZWZlcmVuY2VkIFBhcGVyczoARHJhd2luZyBTdGVyZW8gRGlzcGEjNzFGRTc1LnBkZgAOAMgAYwBEAHIAYQB3AGkAbgBnACAAUwB0AGUAcgBlAG8AIABEAGkAcwBwAGEAcgBpAHQAeQAgAEkAbQBhAGcAZQBzACAAaQBuAHQAbwAgAE8AYwBjAHUAcABhAG4AYwB5ACAARwByAGkAZABzAC8AIABNAGUAYQBzAHUAcgBlAG0AZQBuAHQAIABNAG8AZABlAGwAIABhAG4AZAAgAEYAYQBzAHQAIABJAG0AcABsAGUAbQBlAG4AdABhAHQAaQBvAG4ALgBwAGQAZgAPABQACQBBAFAAUABMAEUAIABIAEQARAASAKtVc2Vycy9ldmFua2F1Zm1hbi9Hb29nbGUgRHJpdmUvRkRDTC9FdmFuL1B1YmxpY2F0aW9ucy9SZWZlcmVuY2VkIFBhcGVycy9EcmF3aW5nIFN0ZXJlbyBEaXNwYXJpdHkgSW1hZ2VzIGludG8gT2NjdXBhbmN5IEdyaWRzOiBNZWFzdXJlbWVudCBNb2RlbCBhbmQgRmFzdCBJbXBsZW1lbnRhdGlvbi5wZGYAABMAAS8AABUAAgAS//8AAIAG0hscHR5aJGNsYXNzbmFtZVgkY2xhc3Nlc11OU011dGFibGVEYXRhox0fIFZOU0RhdGFYTlNPYmplY3TSGxwiI1xOU0RpY3Rpb25hcnmiIiBfEA9OU0tleWVkQXJjaGl2ZXLRJidUcm9vdIABAAgAEQAaACMALQAyADcAQABGAE0AVQBgAGcAagBsAG4AcQBzAHUAdwCEAI4BBgELARMEGwQdBCIELQQ2BEQESARPBFgEXQRqBG0EfwSCBIcAAAAAAAACAQAAAAAAAAAoAAAAAAAAAAAAAAAAAAAEiQ==}}

@book{SouMaiGon12,
	Author = {Anderson A. S. Souza, Rosiery Maia and Luiz M. G. Gon{\c c}alves},
	Date-Added = {2017-10-09 16:51:23 +0000},
	Date-Modified = {2017-10-09 16:54:51 +0000},
	Publisher = {Intech},
	Title = {Current Advancements in Stereo Vision, Chapter 9: 3D Probabilistic Occupancy Grid to Robotic Mapping with Stereo Vision},
	Year = {2012},
	Bdsk-File-1 = {YnBsaXN0MDDUAQIDBAUGJCVYJHZlcnNpb25YJG9iamVjdHNZJGFyY2hpdmVyVCR0b3ASAAGGoKgHCBMUFRYaIVUkbnVsbNMJCgsMDxJXTlMua2V5c1pOUy5vYmplY3RzViRjbGFzc6INDoACgAOiEBGABIAFgAdccmVsYXRpdmVQYXRoWWFsaWFzRGF0YV8QW1JlZmVyZW5jZWQgUGFwZXJzLzNEIFByb2JhYmlsaXN0aWMgT2NjdXBhbmN5IEdyaWQgdG8gUm9ib3RpYyBNYXBwaW5nIHdpdGggU3RlcmVvIFZpc2lvbi5wZGbSFwsYGVdOUy5kYXRhTxECtgAAAAACtgACAAAJQVBQTEUgSEREAAAAAAAAAAAAAAAAAAAAAAAA1HCB+kgrAAAAceJtHzNEIFByb2JhYmlsaXN0aWMgT2NjIzcxRUY1RC5wZGYAAAAAAAAAAAAAAAAAAAAAAAAAAAAAAAAAAAAAAAAAAABx713WASEDAAAAAAAAAAAAAQADAAAJIAAAAAAAAAAAAAAAAAAAABFSZWZlcmVuY2VkIFBhcGVycwAAEAAIAADUcMhKAAAAEQAIAADWAVlDAAAAAQAcAHHibQAMtxkADLUQAAy07wAMqa4ABoa7AAYwNQACAHhBUFBMRSBIREQ6VXNlcnM6AGV2YW5rYXVmbWFuOgBHb29nbGUgRHJpdmU6AEZEQ0w6AEV2YW46AFB1YmxpY2F0aW9uczoAUmVmZXJlbmNlZCBQYXBlcnM6ADNEIFByb2JhYmlsaXN0aWMgT2NjIzcxRUY1RC5wZGYADgCUAEkAMwBEACAAUAByAG8AYgBhAGIAaQBsAGkAcwB0AGkAYwAgAE8AYwBjAHUAcABhAG4AYwB5ACAARwByAGkAZAAgAHQAbwAgAFIAbwBiAG8AdABpAGMAIABNAGEAcABwAGkAbgBnACAAdwBpAHQAaAAgAFMAdABlAHIAZQBvACAAVgBpAHMAaQBvAG4ALgBwAGQAZgAPABQACQBBAFAAUABMAEUAIABIAEQARAASAJFVc2Vycy9ldmFua2F1Zm1hbi9Hb29nbGUgRHJpdmUvRkRDTC9FdmFuL1B1YmxpY2F0aW9ucy9SZWZlcmVuY2VkIFBhcGVycy8zRCBQcm9iYWJpbGlzdGljIE9jY3VwYW5jeSBHcmlkIHRvIFJvYm90aWMgTWFwcGluZyB3aXRoIFN0ZXJlbyBWaXNpb24ucGRmAAATAAEvAAAVAAIAEv//AACABtIbHB0eWiRjbGFzc25hbWVYJGNsYXNzZXNdTlNNdXRhYmxlRGF0YaMdHyBWTlNEYXRhWE5TT2JqZWN00hscIiNcTlNEaWN0aW9uYXJ5oiIgXxAPTlNLZXllZEFyY2hpdmVy0SYnVHJvb3SAAQAIABEAGgAjAC0AMgA3AEAARgBNAFUAYABnAGoAbABuAHEAcwB1AHcAhACOAOwA8QD5A7MDtQO6A8UDzgPcA+AD5wPwA/UEAgQFBBcEGgQfAAAAAAAAAgEAAAAAAAAAKAAAAAAAAAAAAAAAAAAABCE=}}

@inproceedings{TanThoWolBus14,
	Author = {Georg Tanzmeister and Julian Thomas and Dirk Wollherr and Martin Buss},
	Booktitle = {IEEE International Conference on Robotics and Automation (ICRA)},
	Date-Added = {2017-10-09 16:46:08 +0000},
	Date-Modified = {2018-02-14 15:58:15 +0000},
	Title = {Grid-based Mapping and Tracking in Dynamic Environments using a Uniform Evidential Environment Representation},
	Year = {2014},
	Bdsk-File-1 = {YnBsaXN0MDDUAQIDBAUGJCVYJHZlcnNpb25YJG9iamVjdHNZJGFyY2hpdmVyVCR0b3ASAAGGoKgHCBMUFRYaIVUkbnVsbNMJCgsMDxJXTlMua2V5c1pOUy5vYmplY3RzViRjbGFzc6INDoACgAOiEBGABIAFgAdccmVsYXRpdmVQYXRoWWFsaWFzRGF0YV8Qg1JlZmVyZW5jZWQgUGFwZXJzL0dyaWQtYmFzZWQgTWFwcGluZyBhbmQgVHJhY2tpbmcgaW4gRHluYW1pYyBFbnZpcm9ubWVudHMgdXNpbmcgYSBVbmlmb3JtIEV2aWRlbnRpYWwgRW52aXJvbm1lbnQgUmVwcmVzZW50YXRpb24ucGRm0hcLGBlXTlMuZGF0YU8RAy4AAAAAAy4AAgAACUFQUExFIEhERAAAAAAAAAAAAAAAAAAAAAAAANRwgfpIKwAAAHHibR9HcmlkLWJhc2VkIE1hcHBpbmcgYSM3MUUyNEEucGRmAAAAAAAAAAAAAAAAAAAAAAAAAAAAAAAAAAAAAAAAAAAAceJK1gEVAQAAAAAAAAAAAAEAAwAACSAAAAAAAAAAAAAAAAAAAAARUmVmZXJlbmNlZCBQYXBlcnMAABAACAAA1HDISgAAABEACAAA1gFNQQAAAAEAHABx4m0ADLcZAAy1EAAMtO8ADKmuAAaGuwAGMDUAAgB4QVBQTEUgSEREOlVzZXJzOgBldmFua2F1Zm1hbjoAR29vZ2xlIERyaXZlOgBGRENMOgBFdmFuOgBQdWJsaWNhdGlvbnM6AFJlZmVyZW5jZWQgUGFwZXJzOgBHcmlkLWJhc2VkIE1hcHBpbmcgYSM3MUUyNEEucGRmAA4A5ABxAEcAcgBpAGQALQBiAGEAcwBlAGQAIABNAGEAcABwAGkAbgBnACAAYQBuAGQAIABUAHIAYQBjAGsAaQBuAGcAIABpAG4AIABEAHkAbgBhAG0AaQBjACAARQBuAHYAaQByAG8AbgBtAGUAbgB0AHMAIAB1AHMAaQBuAGcAIABhACAAVQBuAGkAZgBvAHIAbQAgAEUAdgBpAGQAZQBuAHQAaQBhAGwAIABFAG4AdgBpAHIAbwBuAG0AZQBuAHQAIABSAGUAcAByAGUAcwBlAG4AdABhAHQAaQBvAG4ALgBwAGQAZgAPABQACQBBAFAAUABMAEUAIABIAEQARAASALlVc2Vycy9ldmFua2F1Zm1hbi9Hb29nbGUgRHJpdmUvRkRDTC9FdmFuL1B1YmxpY2F0aW9ucy9SZWZlcmVuY2VkIFBhcGVycy9HcmlkLWJhc2VkIE1hcHBpbmcgYW5kIFRyYWNraW5nIGluIER5bmFtaWMgRW52aXJvbm1lbnRzIHVzaW5nIGEgVW5pZm9ybSBFdmlkZW50aWFsIEVudmlyb25tZW50IFJlcHJlc2VudGF0aW9uLnBkZgAAEwABLwAAFQACABL//wAAgAbSGxwdHlokY2xhc3NuYW1lWCRjbGFzc2VzXU5TTXV0YWJsZURhdGGjHR8gVk5TRGF0YVhOU09iamVjdNIbHCIjXE5TRGljdGlvbmFyeaIiIF8QD05TS2V5ZWRBcmNoaXZlctEmJ1Ryb290gAEACAARABoAIwAtADIANwBAAEYATQBVAGAAZwBqAGwAbgBxAHMAdQB3AIQAjgEUARkBIQRTBFUEWgRlBG4EfASABIcEkASVBKIEpQS3BLoEvwAAAAAAAAIBAAAAAAAAACgAAAAAAAAAAAAAAAAAAATB}}

@inproceedings{MeyBeiBur12,
	Author = {Daniel Meyer-Delius and Maximilian Beinhofer and Wolfram Burgard},
	Booktitle = {Proceedings of the Twenty-Sixth AAAI Conference on Artificial Intelligence},
	Date-Added = {2017-10-09 16:42:15 +0000},
	Date-Modified = {2018-02-14 15:57:11 +0000},
	Title = {Occupancy Grid Models for Robot Mapping in Changing Environments},
	Year = {2012},
	Bdsk-File-1 = {YnBsaXN0MDDUAQIDBAUGJCVYJHZlcnNpb25YJG9iamVjdHNZJGFyY2hpdmVyVCR0b3ASAAGGoKgHCBMUFRYaIVUkbnVsbNMJCgsMDxJXTlMua2V5c1pOUy5vYmplY3RzViRjbGFzc6INDoACgAOiEBGABIAFgAdccmVsYXRpdmVQYXRoWWFsaWFzRGF0YV8QVlJlZmVyZW5jZWQgUGFwZXJzL09jY3VwYW5jeSBHcmlkIE1vZGVscyBmb3IgUm9ib3QgTWFwcGluZyBpbiBDaGFuZ2luZyBFbnZpcm9ubWVudHMucGRm0hcLGBlXTlMuZGF0YU8RAqYAAAAAAqYAAgAACUFQUExFIEhERAAAAAAAAAAAAAAAAAAAAAAAANRwgfpIKwAAAHHibR9PY2N1cGFuY3kgR3JpZCBNb2RlbCM3MUVERjIucGRmAAAAAAAAAAAAAAAAAAAAAAAAAAAAAAAAAAAAAAAAAAAAce3y1gEengAAAAAAAAAAAAEAAwAACSAAAAAAAAAAAAAAAAAAAAARUmVmZXJlbmNlZCBQYXBlcnMAABAACAAA1HDISgAAABEACAAA1gFW3gAAAAEAHABx4m0ADLcZAAy1EAAMtO8ADKmuAAaGuwAGMDUAAgB4QVBQTEUgSEREOlVzZXJzOgBldmFua2F1Zm1hbjoAR29vZ2xlIERyaXZlOgBGRENMOgBFdmFuOgBQdWJsaWNhdGlvbnM6AFJlZmVyZW5jZWQgUGFwZXJzOgBPY2N1cGFuY3kgR3JpZCBNb2RlbCM3MUVERjIucGRmAA4AigBEAE8AYwBjAHUAcABhAG4AYwB5ACAARwByAGkAZAAgAE0AbwBkAGUAbABzACAAZgBvAHIAIABSAG8AYgBvAHQAIABNAGEAcABwAGkAbgBnACAAaQBuACAAQwBoAGEAbgBnAGkAbgBnACAARQBuAHYAaQByAG8AbgBtAGUAbgB0AHMALgBwAGQAZgAPABQACQBBAFAAUABMAEUAIABIAEQARAASAIxVc2Vycy9ldmFua2F1Zm1hbi9Hb29nbGUgRHJpdmUvRkRDTC9FdmFuL1B1YmxpY2F0aW9ucy9SZWZlcmVuY2VkIFBhcGVycy9PY2N1cGFuY3kgR3JpZCBNb2RlbHMgZm9yIFJvYm90IE1hcHBpbmcgaW4gQ2hhbmdpbmcgRW52aXJvbm1lbnRzLnBkZgATAAEvAAAVAAIAEv//AACABtIbHB0eWiRjbGFzc25hbWVYJGNsYXNzZXNdTlNNdXRhYmxlRGF0YaMdHyBWTlNEYXRhWE5TT2JqZWN00hscIiNcTlNEaWN0aW9uYXJ5oiIgXxAPTlNLZXllZEFyY2hpdmVy0SYnVHJvb3SAAQAIABEAGgAjAC0AMgA3AEAARgBNAFUAYABnAGoAbABuAHEAcwB1AHcAhACOAOcA7AD0A54DoAOlA7ADuQPHA8sD0gPbA+AD7QPwBAIEBQQKAAAAAAAAAgEAAAAAAAAAKAAAAAAAAAAAAAAAAAAABAw=}}

@article{ChiDinChe14,
	Author = {Chen H, Ding S, Chen X, et al},
	Date-Added = {2017-06-12 15:19:24 +0000},
	Date-Modified = {2017-06-12 15:20:49 +0000},
	Journal = {International Journal of Advanced Robotic Systems},
	Number = {11},
	Title = {Global finite-time stabilization for nonholonomic mobile robots based on visual servoing},
	Volume = {11},
	Year = {2014}}

@article{Dij11,
	Author = {N. Gasilov and M. Dogan and V. Arici},
	Date-Added = {2017-03-13 13:28:10 +0000},
	Date-Modified = {2017-03-13 13:30:17 +0000},
	Journal = {IETE Journal of Research},
	Number = {3},
	Pages = {278-285},
	Title = {Two-stage shortest path algorithm for solving optimal obstacle avoidance problem},
	Volume = {57},
	Year = {2011}}

@online{coursera,
	Author = {Coursera Inc.},
	Title = {{Robotics:} Estimation and Learning},
	Url = {https://www.coursera.org/},
	Urldate = {2016-10-03},
	Year = 2016,
	Bdsk-Url-1 = {https://www.coursera.org/}}

@article{kummerle2009measuring,
	Author = {K{\"u}mmerle, Rainer and Steder, Bastian and Dornhege, Christian and Ruhnke, Michael and Grisetti, Giorgio and Stachniss, Cyrill and Kleiner, Alexander},
	Journal = {Autonomous Robots},
	Number = {4},
	Pages = {387--407},
	Publisher = {Springer},
	Title = {On measuring the accuracy of SLAM algorithms},
	Volume = {27},
	Year = {2009}}

@article{CarDuNgBonInd10,
	Author = {L. Carlone, Jingjing Du, M. K. Ng, B. Bona, M. Indri},
	Date-Added = {2016-07-29 20:05:30 +0000},
	Date-Modified = {2016-07-29 20:14:37 +0000},
	Journal = {Journal of Intelligent \& Robotic Systems},
	Number = {2},
	Pages = {291--311},
	Publisher = {Springer},
	Title = {Active SLAM and Exploration with Particle Filters Using Kullback-Leibler Divergence},
	Volume = {75},
	Year = {2014}}

@article{BlaJosFerGon08,
	Author = {J.L. Blanco, J.A. Fern{\'a}ndez-Madrigal, J.Gonz{\'a}lez},
	Date-Added = {2016-07-29 20:02:04 +0000},
	Date-Modified = {2016-07-29 20:04:42 +0000},
	Journal = {International Journal of Robotics Research},
	Number = {1},
	Pages = {73--81},
	Title = {A Novel Measure of Uncertainty for Mobile Robot SLAM with Rao--Blackwellized Particle Filters},
	Volume = {27},
	Year = {2008}}

@article{Dij59,
	Author = {E. W. Dijkstra},
	Date-Added = {2016-07-29 19:55:43 +0000},
	Date-Modified = {2016-07-29 20:01:50 +0000},
	Journal = {Numerische Mathematik},
	Number = {1},
	Pages = {269--271},
	Title = {A Note on Two Problems in Connexion with Graphs},
	Volume = {1},
	Year = {1959}}

@inproceedings{CheChe09,
	Author = {Chen Chen and Yinhang Cheng},
	Booktitle = {Third International Symposium on Intelligent Information Technology Application},
	Date-Added = {2016-03-03 17:13:22 +0000},
	Date-Modified = {2016-03-03 17:15:16 +0000},
	Month = {November},
	Pages = {548--552},
	Publisher = {IEEE},
	Title = {Research of Mobile Robot SLAM Based on EKF and its Improved Algorithms},
	Volume = {1},
	Year = {2009}}

@article{DurBai06,
	Author = {Hugh Durrant-Whyte and Tim Bailey},
	Date-Added = {2016-03-03 16:43:13 +0000},
	Date-Modified = {2016-03-03 17:38:15 +0000},
	Journal = {IEEE Robotics and Automation Magazine},
	Month = {June},
	Number = {2},
	Pages = {99--110},
	Title = {Simultaneous Localization and Mapping: Part 1},
	Volume = {13},
	Year = {2006}}

@inproceedings{ZelJarByrYut93,
	Author = {A. Zelinsky and R.A. Jarvis and J.C. Byrne and S. Yuta},
	Booktitle = {International Conference on Advanced Robotics},
	Date-Added = {2016-02-25 20:13:44 +0000},
	Date-Modified = {2016-02-25 20:15:22 +0000},
	Pages = {533--538},
	Title = {Planning Paths of Complete Coverage of an Unstructured Environment by a Mobile Robot},
	Year = {1993}}

@inproceedings{StaGriBur05,
	Author = {Cyrill Stachniss and Giorgio Grisetti and Wolfram Burgard},
	Booktitle = {In RSS},
	Date-Added = {2016-02-25 19:55:26 +0000},
	Date-Modified = {2016-02-25 19:57:11 +0000},
	Pages = {65--72},
	Title = {Information Gain-based Exploration Using {R}ao-{B}lackwellized Particle Filters},
	Year = {2005},
	Bdsk-File-1 = {YnBsaXN0MDDUAQIDBAUGJCVYJHZlcnNpb25YJG9iamVjdHNZJGFyY2hpdmVyVCR0b3ASAAGGoKgHCBMUFRYaIVUkbnVsbNMJCgsMDxJXTlMua2V5c1pOUy5vYmplY3RzViRjbGFzc6INDoACgAOiEBGABIAFgAdccmVsYXRpdmVQYXRoWWFsaWFzRGF0YV8QYVJlZmVyZW5jZWQgUGFwZXJzL0luZm9ybWF0aW9uIEdhaW4tYmFzZWQgRXhwbG9yYXRpb24gVXNpbmcgUmFvLUJsYWNrd2VsbGl6ZWQgUGFydGljbGUgRmlsdGVycy5wZGbSFwsYGVdOUy5kYXRhTxECyAAAAAACyAACAAAJQVBQTEUgSEREAAAAAAAAAAAAAAAAAAAAAAAA1HCB+kgrAAAAceJtH0luZm9ybWF0aW9uIEdhaW4tYmFzIzcyMzJCNC5wZGYAAAAAAAAAAAAAAAAAAAAAAAAAAAAAAAAAAAAAAAAAAAByMrTWAjuEAAAAAAAAAAAAAQADAAAJIAAAAAAAAAAAAAAAAAAAABFSZWZlcmVuY2VkIFBhcGVycwAAEAAIAADUcMhKAAAAEQAIAADWAnPEAAAAAQAcAHHibQAMtxkADLUQAAy07wAMqa4ABoa7AAYwNQACAHhBUFBMRSBIREQ6VXNlcnM6AGV2YW5rYXVmbWFuOgBHb29nbGUgRHJpdmU6AEZEQ0w6AEV2YW46AFB1YmxpY2F0aW9uczoAUmVmZXJlbmNlZCBQYXBlcnM6AEluZm9ybWF0aW9uIEdhaW4tYmFzIzcyMzJCNC5wZGYADgCgAE8ASQBuAGYAbwByAG0AYQB0AGkAbwBuACAARwBhAGkAbgAtAGIAYQBzAGUAZAAgAEUAeABwAGwAbwByAGEAdABpAG8AbgAgAFUAcwBpAG4AZwAgAFIAYQBvAC0AQgBsAGEAYwBrAHcAZQBsAGwAaQB6AGUAZAAgAFAAYQByAHQAaQBjAGwAZQAgAEYAaQBsAHQAZQByAHMALgBwAGQAZgAPABQACQBBAFAAUABMAEUAIABIAEQARAASAJdVc2Vycy9ldmFua2F1Zm1hbi9Hb29nbGUgRHJpdmUvRkRDTC9FdmFuL1B1YmxpY2F0aW9ucy9SZWZlcmVuY2VkIFBhcGVycy9JbmZvcm1hdGlvbiBHYWluLWJhc2VkIEV4cGxvcmF0aW9uIFVzaW5nIFJhby1CbGFja3dlbGxpemVkIFBhcnRpY2xlIEZpbHRlcnMucGRmAAATAAEvAAAVAAIAEv//AACABtIbHB0eWiRjbGFzc25hbWVYJGNsYXNzZXNdTlNNdXRhYmxlRGF0YaMdHyBWTlNEYXRhWE5TT2JqZWN00hscIiNcTlNEaWN0aW9uYXJ5oiIgXxAPTlNLZXllZEFyY2hpdmVy0SYnVHJvb3SAAQAIABEAGgAjAC0AMgA3AEAARgBNAFUAYABnAGoAbABuAHEAcwB1AHcAhACOAPIA9wD/A8sDzQPSA90D5gP0A/gD/wQIBA0EGgQdBC8EMgQ3AAAAAAAAAgEAAAAAAAAAKAAAAAAAAAAAAAAAAAAABDk=}}

@inproceedings{KauLeeAiMos16,
	Author = {Evan Kaufman and Taeyoung Lee and Zhuming Ai and Ira S. Moskowitz},
	Booktitle = {American Control Conference},
	Date-Added = {2016-02-23 15:28:17 +0000},
	Date-Modified = {2016-07-29 19:37:17 +0000},
	Pages = {5709--5715},
	Publisher = {IEEE},
	Title = {Bayesian Occupancy Grid Mapping via an Exact Inverse Sensor Model},
	Year = {2016},
	Bdsk-File-1 = {YnBsaXN0MDDUAQIDBAUGJCVYJHZlcnNpb25YJG9iamVjdHNZJGFyY2hpdmVyVCR0b3ASAAGGoKgHCBMUFRYaIVUkbnVsbNMJCgsMDxJXTlMua2V5c1pOUy5vYmplY3RzViRjbGFzc6INDoACgAOiEBGABIAFgAdccmVsYXRpdmVQYXRoWWFsaWFzRGF0YV8QV1JlZmVyZW5jZWQgUGFwZXJzL0JheWVzaWFuIE9jY3VwYW5jeSBHcmlkIE1hcHBpbmcgdmlhIGFuIEV4YWN0IEludmVyc2UgU2Vuc29yIE1vZGVsLnBkZtIXCxgZV05TLmRhdGFPEQKqAAAAAAKqAAIAAAlBUFBMRSBIREQAAAAAAAAAAAAAAAAAAAAAAADUcIH6SCsAAABx4m0fQmF5ZXNpYW4gT2NjdXBhbmN5IEcjNzIwNUE1LnBkZgAAAAAAAAAAAAAAAAAAAAAAAAAAAAAAAAAAAAAAAAAAAHIFpdYBNwkAAAAAAAAAAAABAAMAAAkgAAAAAAAAAAAAAAAAAAAAEVJlZmVyZW5jZWQgUGFwZXJzAAAQAAgAANRwyEoAAAARAAgAANYBb0kAAAABABwAceJtAAy3GQAMtRAADLTvAAyprgAGhrsABjA1AAIAeEFQUExFIEhERDpVc2VyczoAZXZhbmthdWZtYW46AEdvb2dsZSBEcml2ZToARkRDTDoARXZhbjoAUHVibGljYXRpb25zOgBSZWZlcmVuY2VkIFBhcGVyczoAQmF5ZXNpYW4gT2NjdXBhbmN5IEcjNzIwNUE1LnBkZgAOAIwARQBCAGEAeQBlAHMAaQBhAG4AIABPAGMAYwB1AHAAYQBuAGMAeQAgAEcAcgBpAGQAIABNAGEAcABwAGkAbgBnACAAdgBpAGEAIABhAG4AIABFAHgAYQBjAHQAIABJAG4AdgBlAHIAcwBlACAAUwBlAG4AcwBvAHIAIABNAG8AZABlAGwALgBwAGQAZgAPABQACQBBAFAAUABMAEUAIABIAEQARAASAI1Vc2Vycy9ldmFua2F1Zm1hbi9Hb29nbGUgRHJpdmUvRkRDTC9FdmFuL1B1YmxpY2F0aW9ucy9SZWZlcmVuY2VkIFBhcGVycy9CYXllc2lhbiBPY2N1cGFuY3kgR3JpZCBNYXBwaW5nIHZpYSBhbiBFeGFjdCBJbnZlcnNlIFNlbnNvciBNb2RlbC5wZGYAABMAAS8AABUAAgAS//8AAIAG0hscHR5aJGNsYXNzbmFtZVgkY2xhc3Nlc11OU011dGFibGVEYXRhox0fIFZOU0RhdGFYTlNPYmplY3TSGxwiI1xOU0RpY3Rpb25hcnmiIiBfEA9OU0tleWVkQXJjaGl2ZXLRJidUcm9vdIABAAgAEQAaACMALQAyADcAQABGAE0AVQBgAGcAagBsAG4AcQBzAHUAdwCEAI4A6ADtAPUDowOlA6oDtQO+A8wD0APXA+AD5QPyA/UEBwQKBA8AAAAAAAACAQAAAAAAAAAoAAAAAAAAAAAAAAAAAAAEEQ==}}

@inproceedings{JohStaPfaBur07,
	Author = {Dominik Joho and Cyrill Stachniss and Patrick Pfaff and Wolfram Burgard},
	Booktitle = {{A}utonome {M}obile {S}ysteme {(AMS)}},
	Date-Added = {2016-02-23 15:11:26 +0000},
	Date-Modified = {2016-02-23 15:13:28 +0000},
	Editor = {Karsten Berns and Tobias Luksch},
	Pages = {22--28},
	Publisher = {Springer},
	Title = {Autonomous Exploration for 3{D} Map Learning},
	Year = {2007},
	Bdsk-File-1 = {YnBsaXN0MDDUAQIDBAUGJCVYJHZlcnNpb25YJG9iamVjdHNZJGFyY2hpdmVyVCR0b3ASAAGGoKgHCBMUFRYaIVUkbnVsbNMJCgsMDxJXTlMua2V5c1pOUy5vYmplY3RzViRjbGFzc6INDoACgAOiEBGABIAFgAdccmVsYXRpdmVQYXRoWWFsaWFzRGF0YV8QQFJlZmVyZW5jZWQgUGFwZXJzL0F1dG9ub21vdXMgRXhwbG9yYXRpb24gZm9yIDNEIE1hcCBMZWFybmluZy5wZGbSFwsYGVdOUy5kYXRhTxECZAAAAAACZAACAAAJQVBQTEUgSEREAAAAAAAAAAAAAAAAAAAAAAAA1HCB+kgrAAAAceJtH0F1dG9ub21vdXMgRXhwbG9yYXRpIzcyMjkzNC5wZGYAAAAAAAAAAAAAAAAAAAAAAAAAAAAAAAAAAAAAAAAAAAByKTTWAVULAAAAAAAAAAAAAQADAAAJIAAAAAAAAAAAAAAAAAAAABFSZWZlcmVuY2VkIFBhcGVycwAAEAAIAADUcMhKAAAAEQAIAADWAY1LAAAAAQAcAHHibQAMtxkADLUQAAy07wAMqa4ABoa7AAYwNQACAHhBUFBMRSBIREQ6VXNlcnM6AGV2YW5rYXVmbWFuOgBHb29nbGUgRHJpdmU6AEZEQ0w6AEV2YW46AFB1YmxpY2F0aW9uczoAUmVmZXJlbmNlZCBQYXBlcnM6AEF1dG9ub21vdXMgRXhwbG9yYXRpIzcyMjkzNC5wZGYADgBeAC4AQQB1AHQAbwBuAG8AbQBvAHUAcwAgAEUAeABwAGwAbwByAGEAdABpAG8AbgAgAGYAbwByACAAMwBEACAATQBhAHAAIABMAGUAYQByAG4AaQBuAGcALgBwAGQAZgAPABQACQBBAFAAUABMAEUAIABIAEQARAASAHZVc2Vycy9ldmFua2F1Zm1hbi9Hb29nbGUgRHJpdmUvRkRDTC9FdmFuL1B1YmxpY2F0aW9ucy9SZWZlcmVuY2VkIFBhcGVycy9BdXRvbm9tb3VzIEV4cGxvcmF0aW9uIGZvciAzRCBNYXAgTGVhcm5pbmcucGRmABMAAS8AABUAAgAS//8AAIAG0hscHR5aJGNsYXNzbmFtZVgkY2xhc3Nlc11OU011dGFibGVEYXRhox0fIFZOU0RhdGFYTlNPYmplY3TSGxwiI1xOU0RpY3Rpb25hcnmiIiBfEA9OU0tleWVkQXJjaGl2ZXLRJidUcm9vdIABAAgAEQAaACMALQAyADcAQABGAE0AVQBgAGcAagBsAG4AcQBzAHUAdwCEAI4A0QDWAN4DRgNIA00DWANhA28DcwN6A4MDiAOVA5gDqgOtA7IAAAAAAAACAQAAAAAAAAAoAAAAAAAAAAAAAAAAAAADtA==}}

@article{BurMooStaSch05,
	Author = {Wolfram Burgard and Mark Moors and Cyrill Stachniss and Frank Schneider},
	Date-Added = {2016-02-23 15:08:15 +0000},
	Date-Modified = {2016-02-23 15:10:49 +0000},
	Journal = {IEEE Transactions on Robotics},
	Number = {3},
	Pages = {376--386},
	Title = {Coordinated Multi-Robot Exploration},
	Volume = {21},
	Year = {2005}}

@inproceedings{Yam98,
	Author = {Brian Yamauchi},
	Booktitle = {Second International Conference on Autonomous Agents},
	Date-Added = {2016-02-23 15:06:03 +0000},
	Date-Modified = {2016-02-23 15:07:50 +0000},
	Editor = {ACM},
	Pages = {47--53},
	Title = {Frontier-Based Exploration Using Multiple Robots},
	Year = {1998}}

@inproceedings{Yam97,
	Author = {Brian Yamauchi},
	Booktitle = {International Symposium on Computational Intelligence in Robotics and Automation},
	Date-Added = {2016-02-23 14:59:26 +0000},
	Date-Modified = {2016-02-23 15:03:40 +0000},
	Journal = {Computational Intelligence in Robotics and Automation},
	Pages = {146--151},
	Publisher = {IEEE},
	Title = {A Frontier-Based Approach for Autonomous Exploration},
	Year = {1997}}

@inproceedings{CarDamKumCas15,
	Author = {Henry Carrillo and Philip Dames and Vijay Kumar and Jos\'{e} A. Castellanos},
	Booktitle = {IEEE International Conference on Robotics and Automation (ICRA)},
	Date-Added = {2016-02-22 22:18:37 +0000},
	Date-Modified = {2016-03-03 15:03:49 +0000},
	Publisher = {IEEE},
	Title = {Autonomous Robotic Exploration Using Occupancy Grid Maps and Graph {S}{L}{A}{M} Based on {S}hannon and {R}\'{e}nyi Entropy},
	Year = {2015},
	Bdsk-File-1 = {YnBsaXN0MDDUAQIDBAUGJCVYJHZlcnNpb25YJG9iamVjdHNZJGFyY2hpdmVyVCR0b3ASAAGGoKgHCBMUFRYaIVUkbnVsbNMJCgsMDxJXTlMua2V5c1pOUy5vYmplY3RzViRjbGFzc6INDoACgAOiEBGABIAFgAdccmVsYXRpdmVQYXRoWWFsaWFzRGF0YV8Qhy4uL0NEQyAyMDE2L1JlbGF0ZWQgV29yay9BdXRvbm9tb3VzIFJvYm90aWMgRXhwbG9yYXRpb24gVXNpbmcgT2NjdXBhbmN5IEdyaWQgTWFwcyBhbmQgR3JhcGggU0xBTSBCYXNlZCBvbiBTaGFubm9uIGFuZCBSZW55aSBFbnRyb3B5LnBkZtIXCxgZV05TLmRhdGFPEQNcAAAAAANcAAIAAAxNYWNpbnRvc2ggSEQAAAAAAAAAAAAAAAAAAADRuYeySCsAAAC+XoIfQXV0b25vbW91cyBSb2JvdGljIEUjQkU1RTg1LnBkZgAAAAAAAAAAAAAAAAAAAAAAAAAAAAAAAAAAAAAAAAAAAL5ehdLgySwAAAAAAAAAAAABAAMAAAkgAAAAAAAAAAAAAAAAAAAADFJlbGF0ZWQgV29yawAQAAgAANG5v/IAAAARAAgAANLhD3wAAAABACQAvl6CAL5eYQCyDe8AEtArABLPkQASz4wAEs9PABGoYQAGcMEAAgCSTWFjaW50b3NoIEhEOlVzZXJzOgBldmFudGhvbWFza2F1Zm1hbjoAR29vZ2xlIERyaXZlOgBGRENMOgBFdmFuOgBQdWJsaWNhdGlvbnM6AENvbmZlcmVuY2U6AENEQyAyMDE2OgBSZWxhdGVkIFdvcms6AEF1dG9ub21vdXMgUm9ib3RpYyBFI0JFNUU4NS5wZGYADgDeAG4AQQB1AHQAbwBuAG8AbQBvAHUAcwAgAFIAbwBiAG8AdABpAGMAIABFAHgAcABsAG8AcgBhAHQAaQBvAG4AIABVAHMAaQBuAGcAIABPAGMAYwB1AHAAYQBuAGMAeQAgAEcAcgBpAGQAIABNAGEAcABzACAAYQBuAGQAIABHAHIAYQBwAGgAIABTAEwAQQBNACAAQgBhAHMAZQBkACAAbwBuACAAUwBoAGEAbgBuAG8AbgAgAGEAbgBkACAAUgBlAG4AeQBpACAARQBuAHQAcgBvAHAAeQAuAHAAZABmAA8AGgAMAE0AYQBjAGkAbgB0AG8AcwBoACAASABEABIAy1VzZXJzL2V2YW50aG9tYXNrYXVmbWFuL0dvb2dsZSBEcml2ZS9GRENML0V2YW4vUHVibGljYXRpb25zL0NvbmZlcmVuY2UvQ0RDIDIwMTYvUmVsYXRlZCBXb3JrL0F1dG9ub21vdXMgUm9ib3RpYyBFeHBsb3JhdGlvbiBVc2luZyBPY2N1cGFuY3kgR3JpZCBNYXBzIGFuZCBHcmFwaCBTTEFNIEJhc2VkIG9uIFNoYW5ub24gYW5kIFJlbnlpIEVudHJvcHkucGRmAAATAAEvAAAVAAIAGP//AACABtIbHB0eWiRjbGFzc25hbWVYJGNsYXNzZXNdTlNNdXRhYmxlRGF0YaMdHyBWTlNEYXRhWE5TT2JqZWN00hscIiNcTlNEaWN0aW9uYXJ5oiIgXxAPTlNLZXllZEFyY2hpdmVy0SYnVHJvb3SAAQAIABEAGgAjAC0AMgA3AEAARgBNAFUAYABnAGoAbABuAHEAcwB1AHcAhACOARgBHQElBIUEhwSMBJcEoASuBLIEuQTCBMcE1ATXBOkE7ATxAAAAAAAAAgEAAAAAAAAAKAAAAAAAAAAAAAAAAAAABPM=}}

@book{BookAuthorsAndYear,
	Address = {New York},
	Author = {Evan Kaufman and {E. T.} Kaufman},
	Date-Added = {2015-03-08 11:57:24 -0500},
	Date-Modified = {2015-03-08 11:57:24 -0500},
	Note = {Modeling, analysis, and design for simple mechanical control systems},
	Owner = {rachell0},
	Publisher = {Springer-Verlag},
	Series = {Texts in Applied Mathematics},
	Timestamp = {2008.02.11},
	Title = {Geometric control of mechanical systems},
	Volume = {49},
	Year = {2005}}

@book{DevBK86,
	Address = {New York},
	Author = {Luc Devroye},
	Publisher = {Springer-Verlag},
	Title = {Non-Uniform Random Variate Generation},
	Year = {1986}}

@article{ArticleAuthorsAndYear,
	Author = {P. Wang and F. Hadaegh and K. Lau},
	Date-Added = {2012-08-27 17:24:20 +0000},
	Date-Modified = {2012-08-27 17:24:20 +0000},
	Journal = {Journal of Guidance, Control, and Dynamics},
	Number = {1},
	Pages = {28--35},
	Title = {Synchronized formation rotation and attitude control of multiiple free-flying spacecraft},
	Volume = {22},
	Year = {1999}}

@inproceedings{ProceedingsAuthorsAndYear,
	Author = {C. Mayhew and R. Sanfelice and A. Teel},
	Booktitle = {Proceeding of the American Control Conference},
	Date-Added = {2011-09-12 17:20:11 +0000},
	Date-Modified = {2011-09-12 17:20:11 +0000},
	Title = {On quaternion-based attitude control and the unwinding phenomenon},
	Year = {2011}}

@misc{MiscAuthorsAndYear,
	Author = {T. Lee and M. Leok and {N. H.} McClamroch},
	Date-Added = {2011-09-12 20:27:45 +0000},
	Date-Modified = {2011-09-12 22:21:46 +0000},
	Howpublished = {arXiv},
	Title = {Control of Complex Maneuvers for a Quadrotor {UAV} using Geometric Methods on {SE(3)}},
	Url = {http://arxiv.org/abs/1003.2005},
	Bdsk-Url-1 = {http://arxiv.org/abs/1003.2005}}

@techreport{TechReportAuthorsAndYear,
	Author = {F. Bullo and R. Murray and A. Sarti},
	Date-Added = {2011-09-23 15:24:51 +0000},
	Date-Modified = {2011-09-23 15:25:49 +0000},
	Institution = {California Institute of Technology},
	Title = {Control on the Sphere and Reduced Attitude Stabilization},
	Year = {1995}}

@phdthesis{PhDThesisAuthorsAndYear,
	Author = {J. Lawton},
	Date-Added = {2012-08-27 17:25:01 +0000},
	Date-Modified = {2012-08-27 17:25:01 +0000},
	School = {Brigham Young University},
	Title = {A behavior-based approach to multiple spacecraft formation flying},
	Year = {2000}}

@mastersthesis{MastersThesisAuthorsAndYear,
	Author = {E. Nice},
	Date-Added = {2010-03-04 13:59:33 -0500},
	Date-Modified = {2010-03-04 14:00:00 -0500},
	School = {Cornell University},
	Title = {Design of a four rotor hovering vehicle},
	Year = {2004}}

@article{HabThaThaMalKir13,
	Author = {B. Habtemariam and R. Tharmarasa and T. Thayaparan and M. Mallick and T. Kirubarajan},
	Journal = {IEEE Journal of Selected Topics in Signal Processing},
	Number = {3},
	Pages = {461--471},
	Title = {A Multiple-Detection Joint Probabilistic Data Association Filter},
	Volume = {7},
	Year = {2013}}

@inproceedings{SveUlmDan10,
	Author = {Daniel Svensson and Martin Ulmke and Lars Danielson},
	Booktitle = {13th Conference on Information Fusion (FUSION)},
	Date-Added = {2012-08-27 17:27:17 +0000},
	Date-Modified = {2012-08-27 17:27:17 +0000},
	Title = {Joint Probabilistic Data Association Filter for Partially Unresolved Target Groups},
	Year = {2010}}

@inproceedings{WeiJinYou05,
	Author = {Xiong Wei and Zhang Jing-Wei and He You},
	Booktitle = {Proceedings of Autonomous Decentralized Systems},
	Date-Added = {2012-08-27 17:27:17 +0000},
	Date-Modified = {2012-08-27 17:27:17 +0000},
	Title = {Multisensor Multitarget Tracking Methods Based on Particle Filter},
	Year = {2010}}

@misc{NNoverview,
	Author = {B. Banitalebi and H. Amiri},
	Date-Added = {2011-09-22 16:10:11 +0000},
	Date-Modified = {2011-09-22 16:11:43 +0000},
	Howpublished = {J-Agricultural Research Center},
	Note = {Tehran -- Iran, 13445-754},
	Title = {An Improved Nearest Neighbor Data Association Method for Underwater Multi-Target Tracking}}

@article{NN2,
	Author = {X. Rong Li and Yaakov Bar-Shalom},
	Journal = {IEEE Transactions on Aerospace and Electronic Systems},
	Number = {3},
	Pages = {995--1010},
	Title = {Tracking in Clutter With Nearest Neighbor Filters: Analysis and Performance},
	Volume = {32},
	Year = {1996}}

@article{SNoverview,
	Author = {X. Rong Li},
	Journal = {IEEE Transactions on Automatic Control},
	Number = {11},
	Pages = {1560--1578},
	Title = {Tracking in Clutter with Strongest Neighbor Measurements -- Part I: Theoretical Analysis},
	Volume = {34},
	Year = {1998}}

@inproceedings{SN_amplitudes,
	Author = {Donald Lerro and Yaakov Bar-Shalom},
	Booktitle = {Proceedings of the American Control Conference},
	Date-Added = {2012-08-27 17:27:17 +0000},
	Date-Modified = {2012-08-27 17:27:17 +0000},
	Title = {Automated Tracking with Target Amplitude Information},
	Year = {1990}}

@article{JPDAF1,
	Author = {Yaakov Bar-Shalom and Fred Daum and Jim Huang},
	Date-Added = {2011-09-23 15:24:51 +0000},
	Date-Modified = {2011-09-23 15:25:49 +0000},
	Institution = {IEEE Control Systems Magazine},
	Title = {The Probabilistic Data Association Filter},
	Year = {2009}}

@article{JPDAF2,
	Author = {Thomas E. Fortmann and Yaakov Bar-Shalom and Molly Scheffe},
	Date-Added = {2011-09-23 15:24:51 +0000},
	Date-Modified = {2011-09-23 15:25:49 +0000},
	Journal = {IEEE Journal of Oceanic Engineering},
	Number = {3},
	Title = {Sonar Tracking of Multiple Targets Using Joint Probabilistic Data Association},
	Volume = {OE-8},
	Year = {1983}}

@inproceedings{coalescence1,
	Author = {H. A. P. Blom and E. Bloem},
	Booktitle = {Proceedings of the IEEE Conference on Decision and Control},
	Date-Added = {2012-08-27 17:27:17 +0000},
	Date-Modified = {2012-08-27 17:27:17 +0000},
	Title = {Interacting multiple model JPDA avoiding track coalescence},
	Year = {2002}}

@article{MHT1,
	Author = {Samual S. Blackman},
	Date-Added = {2011-09-23 15:24:51 +0000},
	Date-Modified = {2011-09-23 15:25:49 +0000},
	Journal = {IEEE Aerospace and Electronic Systems Magazine},
	Number = {1},
	Title = {Multiple Hypothesis Tracking For Multiple Target Tracking},
	Volume = {19},
	Year = {2004}}

@techreport{MHT2,
	Author = {Tat-Jen Cham and James M. Rehg},
	Date-Added = {2011-09-23 15:24:51 +0000},
	Date-Modified = {2011-09-23 15:25:49 +0000},
	Institution = {Compaq Computer Corporation},
	Title = {A Multiple Hypothesis Approach to Figure Tracking}}

@article{PHD1,
	Author = {L. Lin and Y. Bar-Shalom and T. Kirubarajan},
	Date-Added = {2012-08-27 17:25:30 +0000},
	Date-Modified = {2012-08-27 17:25:30 +0000},
	Journal = {IEEE Transactions on Aerospace and Electronic Systems},
	Number = {3},
	Pages = {778--794},
	Title = {Track Labeling and {PHD} Filter for Multitarget Tracking},
	Volume = {42},
	Year = {2006}}

@inproceedings{PHD2,
	Author = {Hedvig Sidenbladh},
	Booktitle = {Proceedings of the American Control Conference},
	Date-Added = {2012-08-27 17:27:17 +0000},
	Date-Modified = {2012-08-27 17:27:17 +0000},
	Title = {Development of Practical {PDA} Logic for Multitarget Tracking by Microprocessor},
	Year = {1986}}

@techreport{Fitzgerald,
	Author = {Robert J. Fitzgerald},
	Date-Added = {2011-09-22 16:10:11 +0000},
	Date-Modified = {2011-09-22 16:11:43 +0000},
	Howpublished = {Raytheon Company, Missile Systems Division},
	Note = {{B}edford, Massachusetts},
	Title = {Development of Practical {PDA} Logic for Multitarget Tracking by Microprocessor},
	Year = {1986}}

@article{Coal_k,
	Author = {Mihoko Minami and Kunio Shimizu},
	Date-Added = {2012-08-27 17:25:30 +0000},
	Date-Modified = {2012-08-27 17:25:30 +0000},
	Journal = {Environmental and Ecological Statistics},
	Number = {6},
	Pages = {229--248},
	Title = {Estimation of similarity measure for multivariate normal distributions},
	Volume = {45},
	Year = {1999}}

@inproceedings{Travers_2011,
	Author = {Matthew Travers and Todd Murphey and Lucy Pao},
	Booktitle = {Proceedings of the American Control Conference},
	Date-Added = {2012-08-27 17:27:17 +0000},
	Date-Modified = {2012-08-27 17:27:17 +0000},
	Title = {Trajectory Optimization Estimator for Impulsive Data Association},
	Year = {2011}}

@inproceedings{Travers_2010,
	Author = {Matthew Travers and Todd Murphey and Lucy Pao},
	Booktitle = {Proceedings of the IEEE Conference on Decision and Control},
	Date-Added = {2012-08-27 17:27:17 +0000},
	Date-Modified = {2012-08-27 17:27:17 +0000},
	Title = {Impulse Optimization for Data Association},
	Year = {2010}}

@article{Coal1,
	Author = {H. A. P. Blom and E. Bloem},
	Date-Added = {2012-08-27 17:24:51 +0000},
	Date-Modified = {2012-08-27 17:24:51 +0000},
	Journal = {IEEE Transactions on Automatic Control},
	Number = {17},
	Pages = {247--259},
	Title = {Probabilistic data association avoiding track coalescence},
	Volume = {45},
	Year = {2000}}

@inproceedings{Coal2,
	Author = {H. A. P. Blom and E. Bloem},
	Booktitle = {IEEE Conference Decision and Control},
	Date-Added = {2012-08-27 17:25:20 +0000},
	Date-Modified = {2012-08-27 17:25:20 +0000},
	Title = {Interacting multiple model JPDA avoiding track coalescence},
	Year = {2002}}

@article{Coal_c,
	Author = {S. Chen and Y. Xu},
	Date-Added = {2012-08-27 17:24:51 +0000},
	Date-Modified = {2012-08-27 17:24:51 +0000},
	Journal = {International Journal of Intelligent Systems and Applications},
	Pages = {45--51},
	Title = {A New Joint Probabilistic Data Association Algorithm Avoiding Track Coalescence},
	Volume = {2},
	Year = {2011}}

@inproceedings{Coal_d,
	Author = {Edwin A. Bloem and Henk A.P. Blom},
	Booktitle = {Proceedings of the IEEE Conference on Decision and Control},
	Date-Added = {2012-08-27 17:25:20 +0000},
	Date-Modified = {2012-08-27 17:25:20 +0000},
	Title = {Joint Probabilistic Data Association Methods Avoiding Track Coalescence},
	Year = {1995}}

@inproceedings{KauLovLee14,
	Author = {Evan Kaufman and Thomas Alan Lovell and Taeyoung Lee},
	Booktitle = {Proceedings of the IEEE European Control Conference},
	Date-Added = {2012-08-27 17:25:20 +0000},
	Date-Modified = {2012-08-27 17:25:20 +0000},
	Title = {Optimal Joint Probabilistic Data Association Filter Avoiding Coalescence in Close Proximity},
	Year = {2014}}

@inproceedings{KauLovLee15,
	Author = {Evan Kaufman and Thomas Alan Lovell and Taeyoung Lee},
	Booktitle = {Proceedings of the IEEE European Control Conference},
	Date-Added = {2012-08-27 17:25:20 +0000},
	Date-Modified = {2012-08-27 17:25:20 +0000},
	Title = {Minimum Uncertainty JPDA Filter and Coalescence Avoidance},
	Year = {2015}}

@techreport{Coal_e,
	Author = {Henk A.P. Blom and Edwin A. Bloem},
	Date-Added = {2011-09-22 16:10:11 +0000},
	Date-Modified = {2011-09-22 16:11:43 +0000},
	Howpublished = {National Aerospace Laboratory NLR},
	Title = {Combining {IMM} and {JPDA} for tracking multiple maneuvering targets in clutter},
	Year = {2002}}

@misc{Coal_f,
	Author = {Hugh L. Kennedy},
	Date-Added = {2011-09-22 16:10:11 +0000},
	Date-Modified = {2011-09-22 16:11:43 +0000},
	Howpublished = {BAE Systems Australia},
	Title = {Controlling Track Coalescence with Scaled Joint Probabilistic Data Association}}

@inproceedings{Coal_g,
	Author = {Viji Paul Panakkal and Rajbabu Velmurugan},
	Booktitle = {IEEE Sensor Array and Multichannel Signal Processing Workshop (SAM)},
	Date-Added = {2012-08-27 17:25:20 +0000},
	Date-Modified = {2012-08-27 17:25:20 +0000},
	Title = {Iterative Joint Probabilistic Data Association for Avoiding Track Coalescence and Track Swap in Multi-Target Tracking},
	Year = {1995}}

@inproceedings{Coal_h,
	Author = {Viji Paul Panakkal and Rajbabu Velmurugan},
	Booktitle = {International Conference on Radar},
	Date-Added = {2012-08-27 17:25:20 +0000},
	Date-Modified = {2012-08-27 17:25:20 +0000},
	Title = {Joint Integrated PDA Avoiding Track Coalescence under Non-Homogeneous Clutter Density},
	Year = {2008}}

@inproceedings{Coal_i,
	Author = {Xiangyang Liu and Keke Wang and Peisheng Zhu and Keli Yang},
	Booktitle = {International Conference on Industrial Control and Electronics Engineering},
	Date-Added = {2012-08-27 17:25:20 +0000},
	Date-Modified = {2012-08-27 17:25:20 +0000},
	Title = {lmproved JPDA Algorithm with Measurements Adaptively Censored},
	Year = {2012}}

@inproceedings{Coal_j,
	Author = {Yibing Xu and Songlin Chen and Zhaohui Wang and Lianrui Kang},
	Booktitle = {Fourth International Conference on Intelligent Computation Technology and Automation},
	Date-Added = {2012-08-27 17:25:20 +0000},
	Date-Modified = {2012-08-27 17:25:20 +0000},
	Title = {Modified Joint Probability Data Association Algorithm Controlling Track Coalescence},
	Year = {2011}}

@book{TrackDataAssoc,
	Address = {San Diego, CA},
	Author = {Y. Bar-Shalom and T. E. Fortmann},
	Date-Added = {2010-03-01 18:24:56 -0500},
	Date-Modified = {2010-03-01 18:25:03 -0500},
	Publisher = {Elsevier, Inc},
	Title = {Tracking and Data Association},
	Year = {1988}}

@book{OptEst1,
	Address = {Cambridge, Massachusetts and London, England},
	Author = {Arthur Gelb},
	Date-Added = {2010-03-01 18:24:56 -0500},
	Date-Modified = {2010-03-01 18:25:03 -0500},
	Publisher = {The Analytic Sciences Corporation},
	Title = {Applied Optimal Estimation},
	Year = {1974}}

@book{ShaRonThi2001,
	Address = {New York},
	Author = {Yakov Bar-Shalom and X. Rong Li and Thiagalingam Kirubarajan},
	Date-Added = {2010-03-01 18:24:56 -0500},
	Date-Modified = {2010-03-01 18:25:03 -0500},
	Pages = {55--56},
	Publisher = {A Wiley-Interscience Publication},
	Title = {Estimation with Applications to Tracking and Navigation},
	Year = {2001}}

@book{Bar1990,
	Address = {Norwood, MA},
	Author = {Yakov Bar-Shalom},
	Date-Added = {2010-03-01 18:24:56 -0500},
	Date-Modified = {2010-03-01 18:25:03 -0500},
	Pages = {3},
	Publisher = {Artech House, Inc.},
	Title = {Multitarget-Multisensor Tracking},
	Year = {1990}}

@inproceedings{Thr01,
	Author = {Sebastian Thrun},
	Booktitle = {Proceedings of the 2001 IEEE/RSU International Conference on Intelligent Robots and Systems},
	Title = {Learning Occupancy Grids with Forward Models},
	Year = {2001}}

@article{Thr03,
	Author = {Sebastian Thrun},
	Journal = {Autonomous Robots},
	Number = {2},
	Pages = {111--127},
	Title = {Learning Occupancy Grid Maps with Forward Sensor Models},
	Volume = {15},
	Year = {2003}}

@book{ThrBurFox05,
	Address = {Cambridge, Massachusetts},
	Author = {Sebastian Thrun and Wolfram Burgard and Dieter Fox},
	Publisher = {Massachusetts Institute of Technology},
	Series = {Intelligent Robotics and Autonomous Agents},
	Title = {Probabilistic Robotics},
	Year = {2005}}

@inproceedings{MorElf85,
	Author = {Hans P. Moravec and Alberto Elfes},
	Booktitle = {IEEE Conference on Robotics and Automation},
	Title = {High Resolution Maps from Wide Angle Sonar},
	Year = {1985}}

@article{Elf89,
	Author = {Alberto Elfes},
	Journal = {IEEE Computer},
	Pages = {46--57},
	Title = {Using Occupancy Grids for Mobile Robot Perception and Navigation},
	Year = {1989}}

@book{ChoLynHutKanBurKavThr05,
	Address = {Cambridge, Massachusetts},
	Author = {Howie Choset and Kevin Lynch and Seth Hutchinson and George Kantor and Wolfram Burgard and Lydia Kavraki and Sebastian Thrun},
	Date-Added = {2015-04-13},
	Publisher = {Massachusetts Institute of Technology},
	Series = {Intelligent Robotics and Autonomous Agents},
	Title = {Principles of Robot Motion: Theory, Algorithms, and Implementations},
	Year = {2005}}

@article{WolSuk05,
	Author = {Denis Wolf and Gaurav Sukhatme},
	Journal = {Autonomous Robots},
	Number = {19},
	Pages = {53--65},
	Title = {Mobile Robot Simultaneous Localization and Mapping in Dynamic Environments},
	Volume = {1},
	Year = {2005}}

@inproceedings{WurHorBenStaBur10,
	Author = {Kai Wurm and Armin Hornung and Maren Bennewitz and Cyrill Stachniss and Wolfram Burgard},
	Booktitle = {Proceeding of the ICRA 2010 Workshop on Best Practice in 3D Perception and Modeling for Mobile Manipulation},
	Title = {OctoMap: A Probabilistic, Flexible, and Compact 3D Map Representation for Robotic Systems},
	Year = {2010}}

@inproceedings{MonThrKolWeg02,
	Address = {Edmonton, Canada},
	Author = {Michael Montemerlo and Sebastian Thrun and Daphne Koller and Ben Wegbreit},
	Booktitle = {Proceeding of the National Conference on Artificial Intelligence (AAAI)},
	Pages = {593--598},
	Title = {FastSLAM: A Factored Solution to the Simultaneous Localization and Mapping Problem},
	Year = {2002}}

@inproceedings{And09,
	Author = {Franz Andert},
	Booktitle = {Proceedings of the 2009 IEEE/RSJ International Conference on Intelligent Robots and Systems},
	Date-Modified = {2016-07-29 19:32:19 +0000},
	Title = {Drawing Stereo Disparity Images into Occupancy Grids: Measurement Model and Fast Implementation},
	Year = {2009}}

@inproceedings{PirRutBisSch11,
	Author = {Katrin Pirker and Matthias Ruther and Horst Bischof and Gerald Schweighofer},
	Booktitle = {IEEE International Conference on Computer Vision Workshops},
	Date-Modified = {2017-10-09 19:02:35 +0000},
	Title = {Fast and Accurate Environment Modeling using Three-Dimensional Occupancy Grids},
	Year = {2011},
	Bdsk-File-1 = {YnBsaXN0MDDUAQIDBAUGJCVYJHZlcnNpb25YJG9iamVjdHNZJGFyY2hpdmVyVCR0b3ASAAGGoKgHCBMUFRYaIVUkbnVsbNMJCgsMDxJXTlMua2V5c1pOUy5vYmplY3RzViRjbGFzc6INDoACgAOiEBGABIAFgAdccmVsYXRpdmVQYXRoWWFsaWFzRGF0YV8QZFJlZmVyZW5jZWQgUGFwZXJzL0Zhc3QgYW5kIEFjY3VyYXRlIEVudmlyb25tZW50IE1vZGVsaW5nIHVzaW5nIFRocmVlLURpbWVuc2lvbmFsIE9jY3VwYW5jeSBHcmlkcy5wZGbSFwsYGVdOUy5kYXRhTxEC0AAAAAAC0AACAAAJQVBQTEUgSEREAAAAAAAAAAAAAAAAAAAAAAAA1HCB+kgrAAAAceJtH0Zhc3QgYW5kIEFjY3VyYXRlIEVuIzcyMEEwOC5wZGYAAAAAAAAAAAAAAAAAAAAAAAAAAAAAAAAAAAAAAAAAAAByCgjWAT+PAAAAAAAAAAAAAQADAAAJIAAAAAAAAAAAAAAAAAAAABFSZWZlcmVuY2VkIFBhcGVycwAAEAAIAADUcMhKAAAAEQAIAADWAXfPAAAAAQAcAHHibQAMtxkADLUQAAy07wAMqa4ABoa7AAYwNQACAHhBUFBMRSBIREQ6VXNlcnM6AGV2YW5rYXVmbWFuOgBHb29nbGUgRHJpdmU6AEZEQ0w6AEV2YW46AFB1YmxpY2F0aW9uczoAUmVmZXJlbmNlZCBQYXBlcnM6AEZhc3QgYW5kIEFjY3VyYXRlIEVuIzcyMEEwOC5wZGYADgCmAFIARgBhAHMAdAAgAGEAbgBkACAAQQBjAGMAdQByAGEAdABlACAARQBuAHYAaQByAG8AbgBtAGUAbgB0ACAATQBvAGQAZQBsAGkAbgBnACAAdQBzAGkAbgBnACAAVABoAHIAZQBlAC0ARABpAG0AZQBuAHMAaQBvAG4AYQBsACAATwBjAGMAdQBwAGEAbgBjAHkAIABHAHIAaQBkAHMALgBwAGQAZgAPABQACQBBAFAAUABMAEUAIABIAEQARAASAJpVc2Vycy9ldmFua2F1Zm1hbi9Hb29nbGUgRHJpdmUvRkRDTC9FdmFuL1B1YmxpY2F0aW9ucy9SZWZlcmVuY2VkIFBhcGVycy9GYXN0IGFuZCBBY2N1cmF0ZSBFbnZpcm9ubWVudCBNb2RlbGluZyB1c2luZyBUaHJlZS1EaW1lbnNpb25hbCBPY2N1cGFuY3kgR3JpZHMucGRmABMAAS8AABUAAgAS//8AAIAG0hscHR5aJGNsYXNzbmFtZVgkY2xhc3Nlc11OU011dGFibGVEYXRhox0fIFZOU0RhdGFYTlNPYmplY3TSGxwiI1xOU0RpY3Rpb25hcnmiIiBfEA9OU0tleWVkQXJjaGl2ZXLRJidUcm9vdIABAAgAEQAaACMALQAyADcAQABGAE0AVQBgAGcAagBsAG4AcQBzAHUAdwCEAI4A9QD6AQID1gPYA90D6APxA/8EAwQKBBMEGAQlBCgEOgQ9BEIAAAAAAAACAQAAAAAAAAAoAAAAAAAAAAAAAAAAAAAERA==}}

@article{KhoElb12,
	Author = {Kourosh Khoshelham and Sander Oude Elberink},
	Journal = {Sensors},
	Pages = {1437--1454},
	Title = {Accuracy and Resolution of Kinect Depth Data for Indoor Mapping Applications},
	Year = {2012}}

@book{Val01,
	Address = {El Segundo, CA},
	Author = {David A. Vallado},
	Date-Added = {2010-03-01 18:24:56 -0500},
	Date-Modified = {2010-03-01 18:25:03 -0500},
	Pages = {246--250},
	Publisher = {Microcosm Press and Kluwer Academic Publishers},
	Title = {Fundamentals of Astrodynamics and Applications},
	Year = {2001}}

@article{VerSauSco04,
	Author = {Paul Vergez and Luke Sauter and Scott Dahlke},
	Date-Added = {2012-08-27 17:24:51 +0000},
	Date-Modified = {2012-08-27 17:24:51 +0000},
	Journal = {The Journal of the Astronautical Sciences},
	Pages = {7},
	Title = {An Improved Kalman Filter for Satellite Orbit Predictions},
	Volume = {52},
	Year = {2004}}

@article{KurAriAriEfe10,
	Author = {F. Kural and F. Arikan and O. Arikan and M. Efe},
	Date-Added = {2012-08-27 17:24:51 +0000},
	Date-Modified = {2012-08-27 17:24:51 +0000},
	Journal = {Progress In Electromagnetics Research},
	Pages = {249---275},
	Title = {Performance Evaluation of Track Association and Maintenance for a MFPAR with Doppler Velocity Measurements},
	Volume = {108},
	Year = {2010}}

@inproceedings{RenBeaPAGNCC02,
	Author = {W. Ren and R. Beard},
	Booktitle = {Proceedings of the AIAA Guidance, Navigation, and Control Conference},
	Date-Added = {2012-08-27 17:25:20 +0000},
	Date-Modified = {2012-08-27 17:25:20 +0000},
	Note = {{AIAA} 2002-4963},
	Title = {Virtual structure based spacecraft formation control with formation feedback},
	Year = {2002}}

@inproceedings{RenBeaPICCTA04,
	Author = {W. Ren and R. Beard},
	Booktitle = {Proceedings of the IEEE Conference on Control Theory Application},
	Date-Added = {2012-08-27 17:25:13 +0000},
	Date-Modified = {2012-08-27 17:25:13 +0000},
	Title = {Formation feedback control for multiple spacecraft via virtual structures},
	Year = {2004}}

@phdthesis{Law00,
	Author = {J. Lawton},
	Date-Added = {2012-08-27 17:25:01 +0000},
	Date-Modified = {2012-08-27 17:25:01 +0000},
	School = {Brigham Young University},
	Title = {A behavior-based approach to multiple spacecraft formation flying},
	Year = {2000}}

@article{BeaLawITCST01,
	Author = {R. Beard and J. Lawton and F. Hadaegh},
	Date-Added = {2012-08-27 17:24:51 +0000},
	Date-Modified = {2012-08-27 17:24:51 +0000},
	Journal = {IEEE Transactions on Control Systems Technology},
	Number = {6},
	Pages = {777--790},
	Title = {A coordination architecture for spacecraft formation control},
	Volume = {9},
	Year = {2001}}

@article{BalArkITRA98,
	Author = {T. Balch and R. Arkin},
	Date-Added = {2012-08-27 17:24:40 +0000},
	Date-Modified = {2012-08-27 17:24:40 +0000},
	Journal = {IEEE Transactions on Robotics and Automation},
	Number = {6},
	Pages = {926--939},
	Title = {Behavior-based formation control for multirobot teams},
	Volume = {14},
	Year = {1998}}

@book{NijRod03,
	Author = {H. Nijmeijer and A. Rodriguez-Angeles},
	Date-Added = {2012-08-27 17:24:31 +0000},
	Date-Modified = {2012-08-27 17:24:31 +0000},
	Publisher = {World Scientific Pub},
	Title = {Synchronization of Mechanical Systems},
	Year = {2003}}

@article{WanHadJGCD99,
	Author = {P. Wang and F. Hadaegh and K. Lau},
	Date-Added = {2012-08-27 17:24:20 +0000},
	Date-Modified = {2012-08-27 17:24:20 +0000},
	Journal = {Journal of Guidance, Control, and Dynamics},
	Number = {1},
	Pages = {28--35},
	Title = {Synchronized formation rotation and attitude control of multiiple free-flying spacecraft},
	Volume = {22},
	Year = {1999}}

@article{KanYehIJRNC02,
	Author = {W. Kang and H. Yeh},
	Date-Added = {2012-08-27 17:24:10 +0000},
	Date-Modified = {2012-08-27 17:24:10 +0000},
	Journal = {International Journal of Robust and Nonlinear Control},
	Pages = {185--205},
	Title = {Coordinated attitude control of multi-satellite systems},
	Volume = {112},
	Year = {2002}}

@inproceedings{GarChaPIAC05,
	Author = {J. Garnham and F. Chavez and T. Lovell and L. Black},
	Booktitle = {Proceedings of the IEEE Aerospace Conference},
	Date-Added = {2012-08-27 17:24:00 +0000},
	Date-Modified = {2012-08-27 17:24:00 +0000},
	Pages = {575--582},
	Title = {4-dimensional metrology architecture for satellite clusters using crosslinks},
	Year = {2005}}

@phdthesis{Mit04,
	Author = {M. Mitchell},
	Date-Added = {2012-08-27 17:23:50 +0000},
	Date-Modified = {2012-08-27 17:23:50 +0000},
	School = {Massachusetts Institute of Technology},
	Title = {{CDGPS}-Based Relative Navigation for Multiple Spacecraft},
	Year = {2004}}

@inproceedings{KodPICDC88,
	Author = {D. Koditschek},
	Booktitle = {Proceedings of the IEEE Conference on Decision and Control},
	Date-Added = {2011-09-23 20:39:58 +0000},
	Date-Modified = {2011-09-23 20:39:58 +0000},
	Pages = {63--68},
	Title = {Application of a new {L}yapunov function to global adaptive tracking},
	Year = {1988}}

@techreport{BulMur95,
	Author = {F. Bullo and R. Murray and A. Sarti},
	Date-Added = {2011-09-23 15:24:51 +0000},
	Date-Modified = {2011-09-23 15:25:49 +0000},
	Institution = {California Institute of Technology},
	Title = {Control on the Sphere and Reduced Attitude Stabilization},
	Year = {1995}}

@article{LinCraJGCD11,
	Author = {R. Linares and J. Crassidis and Y. Cheng},
	Date-Added = {2011-09-22 18:48:01 +0000},
	Date-Modified = {2011-09-22 18:48:56 +0000},
	Journal = {Journal of Guidance, Control, and Dynamics},
	Number = {2},
	Pages = {543--553},
	Title = {Constrained relative attitude determination for two-vehicle formations},
	Volume = {34},
	Year = {2011}}

@article{AndCraJGCD09,
	Author = {M. Andrle and J. Crassidis and R. Linares and Y. Cheng and B. Hyun},
	Date-Added = {2011-09-22 18:45:19 +0000},
	Date-Modified = {2011-09-22 18:46:22 +0000},
	Journal = {Journal of Guidance, Control, and Dynamics},
	Number = {4},
	Pages = {1077--1088},
	Title = {Deterministic relative attitude determination of three-vehicle formations},
	Volume = {43},
	Year = {2009}}

@article{KimCraJGCD07,
	Author = {S. Kim and J. Crassidis and Y. Cheng and A. Fosbury},
	Date-Added = {2011-09-22 18:43:14 +0000},
	Date-Modified = {2011-09-22 18:44:16 +0000},
	Journal = {Journal of Guidance, Control, and Dynamics},
	Number = {1},
	Pages = {133--143},
	Title = {Kalman filtering for relative spacecraft attitude and position estimation},
	Volume = {30},
	Year = {2007}}

@article{GunHugISJ02,
	Author = {K. Gunnam and D. Hughes and J. Junkins and N. Kehtarnavaz},
	Date-Added = {2011-09-22 18:31:07 +0000},
	Date-Modified = {2011-09-22 18:32:12 +0000},
	Journal = {IEEE Sensors Journal},
	Number = {5},
	Pages = {428-442},
	Title = {A vision-based {DSP} embedded navigation sensor},
	Volume = {2},
	Year = {2002}}

@inproceedings{RobWal05,
	Author = {P. Robert and R. Walkero},
	Booktitle = {Proceedings of the AIAA Guidance, Navigation and Control Conference},
	Date-Added = {2011-09-22 18:25:19 +0000},
	Date-Modified = {2011-09-22 18:26:33 +0000},
	Note = {{AIAA} 2005-5867},
	Title = {Fixed wing {UAV} navigation and control through integrated {GNSS} and vision},
	Year = {2005}}

@inproceedings{CorRob97,
	Author = {T. Corazzini and A. Robertson and A. Adams and J. Hassibi and J. How},
	Booktitle = {Proceedings of the International Technical Meeting of the Satellite Division of the Institute of Navigation},
	Date-Added = {2011-09-22 18:14:41 +0000},
	Date-Modified = {2011-09-22 18:15:57 +0000},
	Pages = {735--744},
	Title = {{GPS} sensing for spacecraft formation flying},
	Year = {1997}}

@inproceedings{PanKap01,
	Author = {H. Pan and V. Kapila},
	Booktitle = {Proceedings of IEEE Conference on Decision and Control},
	Date-Added = {2011-09-22 17:48:02 +0000},
	Date-Modified = {2011-09-22 17:48:49 +0000},
	Title = {Adaptive nonlinear control for spacecraft formation flying with coupled translational and attitude dynamics},
	Year = {2001}}

@article{RenBeaJGCD04,
	Author = {W. Ren and R. Beard},
	Date-Added = {2011-09-22 17:45:21 +0000},
	Date-Modified = {2011-09-22 17:46:26 +0000},
	Journal = {Journal of Guidance, Controls, and Dynamics},
	Number = {1},
	Pages = {73--82},
	Title = {Decentralized scheme for spacecraft formation flying via the virtual structure approach},
	Volume = {27},
	Year = {2004}}

@article{AbdTayITAC09,
	Author = {A. Abdessameud and A. Tayebi},
	Date-Added = {2011-09-22 17:41:00 +0000},
	Date-Modified = {2011-09-22 17:42:00 +0000},
	Journal = {IEEE Transactions on Automatic Control},
	Number = {11},
	Pages = {2642-2648},
	Title = {Attitude Synchronization of a group of spacecraft withtout velocity measurements},
	Volume = {54},
	Year = {2009}}

@inproceedings{BonPet05,
	Author = {A. Bondhus and K. Pettersen and J. Gravdahl},
	Booktitle = {Proceedings of IEEE Conference on Decision and Control},
	Date-Added = {2011-09-22 17:39:37 +0000},
	Date-Modified = {2011-09-22 17:40:41 +0000},
	Title = {Leader/follower synchronization of satellite attitude without angular velocity measurements},
	Year = {2005}}

@inproceedings{LawBea00,
	Author = {J. Lawton and R. Beard},
	Booktitle = {Proceedings of the AIAA Guidance, Navigation and Control Conference},
	Date-Added = {2011-09-22 17:16:31 +0000},
	Date-Modified = {2011-09-22 17:17:20 +0000},
	Title = {Elementary attitude formation maneuver via leader-following and behaviour-based control},
	Year = {2000}}

@inproceedings{LonHal99,
	Author = {M. Long and C. Hall},
	Booktitle = {Proceedings of the Flight Mechanics Symposium},
	Date-Added = {2011-09-22 17:12:39 +0000},
	Date-Modified = {2011-09-22 17:13:38 +0000},
	Title = {Attitude tracking control for spacecraft formation flying},
	Year = {1999}}

@inproceedings{SchHad04,
	Author = {D. Scharf and F. Hadeagh and S. Ploen},
	Booktitle = {Proceeding of the American Control Conference},
	Date-Added = {2011-09-22 16:56:00 +0000},
	Date-Modified = {2011-09-22 16:57:35 +0000},
	Pages = {2976-2985},
	Title = {A survey of spacecraft formation flying guidance and control ({Part: II}): control},
	Year = {2004}}

@misc{DixTR95,
	Author = {T. Dixon},
	Date-Added = {2011-09-22 16:10:11 +0000},
	Date-Modified = {2011-09-22 16:11:43 +0000},
	Howpublished = {University of Miami},
	Note = {TR 95-003},
	Title = {{SAR} interferometry and surface change detection}}

@article{JadLinITAC03,
	Author = {A. Jadbabaie and J. Lin and A. Morse},
	Date-Added = {2011-09-22 15:45:10 +0000},
	Date-Modified = {2011-09-24 16:30:55 +0000},
	Journal = {IEEE Transactions on Automatic Control},
	Number = {6},
	Pages = {988-1001},
	Title = {Coordination of groups of mobile autonomous agents using nearest neighbor rules},
	Volume = {48},
	Year = {2003}}

@article{FaxMurITAC04,
	Author = {J. Fax and R. Muray},
	Date-Added = {2011-09-22 15:40:41 +0000},
	Date-Modified = {2011-09-22 15:43:45 +0000},
	Journal = {IEEE Transactions on Automatic Control},
	Number = {9},
	Pages = {1465--1476},
	Title = {Information flow and cooperative control of vehicle formations},
	Volume = {49},
	Year = {2004}}

@misc{LeeLeo_4457,
	Author = {T. Lee and M. Leok and {N. H.} McClamroch},
	Date-Added = {2011-09-22 01:21:21 +0000},
	Date-Modified = {2011-09-22 01:22:37 +0000},
	Howpublished = {arXiv},
	Title = {Nonlinear Robust Tracking Control of a Quadrotor {UAV} on {SE(3)}},
	Url = {http://arxiv.org/abs/1109.4457},
	Bdsk-Url-1 = {http://arxiv.org/abs/1003.2005}}

@misc{Lee11,
	Author = {T. Lee},
	Date-Added = {2011-09-12 22:16:15 +0000},
	Date-Modified = {2011-09-12 22:21:39 +0000},
	Howpublished = {arXiv},
	Title = {Robust Adaptive Geometric Tracking Controls on {SO(3)} with an Application to the Attitude Dynamics of a Quadrotor {UAV}},
	Url = {http://arxiv.org/abs/1108.6031},
	Year = {2011},
	Bdsk-Url-1 = {http://arxiv.org/}}

@misc{LeeLeo,
	Author = {T. Lee and M. Leok and {N. H.} McClamroch},
	Date-Added = {2011-09-12 20:27:45 +0000},
	Date-Modified = {2011-09-12 22:21:46 +0000},
	Howpublished = {arXiv},
	Title = {Control of Complex Maneuvers for a Quadrotor {UAV} using Geometric Methods on {SE(3)}},
	Url = {http://arxiv.org/abs/1003.2005},
	Bdsk-Url-1 = {http://arxiv.org/abs/1003.2005}}

@article{ChaSanICSM11,
	Author = {N. Chaturvedi and A. Sanyal and {N. H.} McClamroch},
	Date-Added = {2011-09-12 17:45:38 +0000},
	Date-Modified = {2011-09-12 17:46:36 +0000},
	Journal = {IEEE Control Systems Magazine},
	Number = {3},
	Pages = {30--51},
	Title = {Rigid-body attitude control},
	Volume = {31},
	Year = {2011}}

@inproceedings{NicMacPCCECE08,
	Author = {C. Nicol and C. Macnab and A. Ramirez-Serrano},
	Booktitle = {Proceedings of the Canadian Conference on Electrical and Computer Engineering},
	Date-Added = {2011-09-12 17:40:59 +0000},
	Date-Modified = {2011-09-12 17:42:58 +0000},
	Pages = {1233--1237},
	Title = {Robust neural network control of a quadrotor helicopter},
	Year = {2008}}

@article{GilHofIJRR11,
	Author = {J. Gillula and G. Hoffmann and H. Huang and M. Vitus and C. Tomlin},
	Date-Added = {2011-09-12 17:28:41 +0000},
	Date-Modified = {2011-09-12 17:29:48 +0000},
	Journal = {The International Journal of Robotics Research},
	Number = {3},
	Pages = {335--354},
	Title = {Applications of hybrid reachability analysis to robotic aerial vehicles},
	Volume = {30},
	Year = {2011}}

@article{RafOrtA10,
	Author = {G. Raffo and M. Ortega and F. Rubio},
	Date-Added = {2011-09-12 17:25:03 +0000},
	Date-Modified = {2011-09-12 17:26:01 +0000},
	Journal = {Automatica},
	Pages = {29--30},
	Title = {An integral predictive/nonlinear {$H_{\infty}$} control structure for a quadrotor helicopter},
	Volume = {46},
	Year = {2010}}

@inproceedings{EfePMCCA07,
	Author = {M. Efe},
	Booktitle = {Proceedings of the Mediterranean Conference on Control and Automation},
	Date-Added = {2011-09-12 17:21:50 +0000},
	Date-Modified = {2011-09-12 17:23:07 +0000},
	Title = {Robust Low Altitude Behavior Control of a Quadrotor Rotorcraft Through Sliding Modes},
	Year = {2007}}

@article{MaySanITAC11,
	Author = {C. Mayhew and R. Sanfelice and A. Teel},
	Date-Added = {2011-09-12 17:20:11 +0000},
	Date-Modified = {2011-09-12 17:20:11 +0000},
	Journal = {IEEE Transactions on Automatic Control},
	Title = {Quaternion-based hybrid control for robust global attitude tracking},
	Year = {2011}}

@inproceedings{MaySanPACC11,
	Author = {C. Mayhew and R. Sanfelice and A. Teel},
	Booktitle = {Proceeding of the American Control Conference},
	Date-Added = {2011-09-12 17:20:11 +0000},
	Date-Modified = {2011-09-12 17:20:11 +0000},
	Title = {On quaternion-based attitude control and the unwinding phenomenon},
	Year = {2011}}

@inproceedings{MaySanPACC11b,
	Author = {C. Mayhew and R. Sanfelice and A. Teel},
	Booktitle = {Proceeding of the American Control Conference},
	Date-Added = {2011-09-12 17:20:11 +0000},
	Date-Modified = {2011-09-12 17:20:11 +0000},
	Title = {On the non-robustness of inconsistent quaternion-based attitude control systems using memoryless path-lifting schemes},
	Year = {2011}}

@inproceedings{MaySanPICDC09,
	Author = {C. Mayhew and R. Sanfelice and A. Teel},
	Booktitle = {Proceedings of IEEE Conference on Decision and Control},
	Date-Added = {2011-09-12 17:20:11 +0000},
	Date-Modified = {2011-09-12 17:20:11 +0000},
	Pages = {2522--2527},
	Title = {Robust Global Asymptotic Attitude Stabilization of a Rigid Body by Quaternion-based Hybrid Feedback},
	Year = {2009}}

@book{Kha96,
	Author = {H. Khalil},
	Date-Added = {2011-09-06 21:42:05 +0000},
	Date-Modified = {2011-09-06 21:42:05 +0000},
	Editor = {2nd Edition},
	Publisher = {Prentice Hall},
	Title = {Nonlinear Systems},
	Year = {1996}}

@article{BhaBerSCL00,
	Author = {S. Bhat and D. Bernstein},
	Date-Added = {2010-08-03 15:05:57 -0400},
	Date-Modified = {2010-08-03 15:05:57 -0400},
	Journal = {Systems and Control Letters},
	Number = {1},
	Pages = {66-73},
	Title = {A topological obstruction to continuous global stabilization of rotational motion and the unwinding phenomenon},
	Volume = {39},
	Year = {2000}}

@inproceedings{SanMesPACC06,
	Author = {R. Sanfelice and M. Messian and S. Tuna and A. Teel},
	Booktitle = {Proceeding of the American Control Conference},
	Date-Added = {2010-08-03 15:05:42 -0400},
	Date-Modified = {2010-08-03 15:05:42 -0400},
	Pages = {3352--3357},
	Title = {Robust hybrid controller for continous-time systems with applications to obstacle avoidance and regulation to disconnected set of points},
	Year = {2006}}

@article{TayMcGITCSTI06,
	Author = {A. Tayebi and S. McGilvray},
	Booktitle = {IEEE},
	Date-Added = {2010-08-03 14:24:13 -0400},
	Date-Modified = {2010-08-03 14:25:19 -0400},
	Journal = {IEEE Transactions on Control System Technology},
	Number = {3},
	Pages = {562--571},
	Title = {Attitude Stabilization of a {V}{T}{O}{L} Quadrotor Aircraft},
	Volume = {14},
	Year = {2006}}

@inproceedings{CabCunPICDC08,
	Author = {D. Cabecinhas and R. Cunha and C. Silvestre},
	Booktitle = {Proceedings of IEEE Conference on Decision and Control},
	Date-Added = {2010-03-09 17:53:24 -0500},
	Date-Modified = {2010-03-09 17:54:40 -0500},
	Editor = {3583--3588},
	Title = {Output-feedback control for almost global stabilization of fully-acuated rigid bodies},
	Year = {2008}}

@article{ChaMcCITAC09,
	Author = {{N. A.} Chaturvedi and N. H. McClamroch and D. Bernstein},
	Date-Added = {2010-03-08 12:13:39 -0500},
	Date-Modified = {2010-03-08 12:15:37 -0500},
	Journal = {IEEE Transactions on Automatic Control},
	Number = {6},
	Pages = {1204--1215},
	Title = {Asymptotic Smooth Stabilization of the Inverted 3-{D} Pendulum},
	Volume = {54},
	Year = {2009}}

@article{BhaBerPACC98,
	Author = {{S. P.} Bhat and {D. S.} Bernstein},
	Date-Added = {2010-03-08 12:07:03 -0500},
	Date-Modified = {2010-03-08 12:07:03 -0500},
	Journal = {Proceedings of the American Control Conference},
	Owner = {rachell0},
	Pages = {2785--2789},
	Timestamp = {2008.02.11},
	Title = {A Topological Obstruction to Global Asymptotic Stabilization of Rotational Motion and the Unwinding Phenomenon},
	Year = {1998}}

@book{Blo03,
	Author = {{A. M.} Bloch},
	Date-Added = {2010-03-08 12:04:43 -0500},
	Date-Modified = {2010-03-08 12:04:43 -0500},
	Owner = {rachell0},
	Publisher = {Springer-Verlag},
	Series = {Interdisciplinary Applied Mathematics},
	Timestamp = {2008.02.11},
	Title = {Nonholonomic Mechanics and Control},
	Volume = {24},
	Year = {2003}}

@book{Jur97,
	Author = {Velimir Jurdjevic},
	Date-Added = {2010-03-08 11:57:24 -0500},
	Date-Modified = {2010-03-08 11:57:24 -0500},
	Owner = {rachell0},
	Publisher = {Cambridge University},
	Timestamp = {2008.02.11},
	Title = {Geometric Control Theory},
	Year = {1997}}

@book{BulLew05,
	Address = {New York},
	Author = {F. Bullo and {A. D.} Lewis},
	Date-Added = {2010-03-08 11:57:24 -0500},
	Date-Modified = {2010-03-08 11:57:24 -0500},
	Note = {Modeling, analysis, and design for simple mechanical control systems},
	Owner = {rachell0},
	Publisher = {Springer-Verlag},
	Series = {Texts in Applied Mathematics},
	Timestamp = {2008.02.11},
	Title = {Geometric control of mechanical systems},
	Volume = {49},
	Year = {2005}}

@inproceedings{GueHamPIICCA05,
	Author = {N. Guenard and T. Hamel and V. Moreau},
	Booktitle = {Proceedings of the IEEE International Conference on Control and Application},
	Date-Added = {2010-03-04 15:34:07 -0500},
	Date-Modified = {2010-03-04 15:35:49 -0500},
	Title = {Dynamic modeling and intuitive control strategy for an {X}4-flyer},
	Year = {2005}}

@inproceedings{BouSiePIICRA05,
	Author = {S. Bouabdalla and R. Siegward},
	Booktitle = {Proceedings of the IEEE International Conference on Robotics and Automation},
	Date-Added = {2010-03-04 15:24:56 -0500},
	Date-Modified = {2010-03-04 15:26:16 -0500},
	Pages = {2259--2264},
	Title = {Backstepping and Sliding-mode Techniques applied to an indoor micro quadrotor},
	Year = {2005}}

@mastersthesis{Nic04,
	Author = {E. Nice},
	Date-Added = {2010-03-04 13:59:33 -0500},
	Date-Modified = {2010-03-04 14:00:00 -0500},
	School = {Cornell University},
	Title = {Design of a four rotor hovering vehicle},
	Year = {2004}}

@article{BouMurAR05,
	Author = {S. Bouabdalla and P. Murrieri and R. Siegward},
	Date-Added = {2010-03-04 13:41:33 -0500},
	Date-Modified = {2010-03-04 13:42:23 -0500},
	Journal = {Autonomous Robots},
	Number = {2},
	Pages = {171--183},
	Title = {Towards Autonomous Indoor Micro {V}{T}{O}{L}},
	Volume = {18},
	Year = {2005}}

@inproceedings{BouNotPIICIRS04,
	Author = {Bouabdallah, S. and Noth, A. and Siegwart, R.},
	Booktitle = {Proceedings of the IEEE International Conference on Intelligent Robots and Systems},
	Date-Added = {2010-03-04 13:40:21 -0500},
	Date-Modified = {2010-03-04 13:41:22 -0500},
	Title = {{P}{I}{D} vs {L}{Q} Control Techniques Applied to an Indoor Micro Quadrotor},
	Year = {2004}}

@webpage{empty2,
	Date-Added = {2010-03-03 17:46:24 -0500},
	Date-Modified = {2010-03-04 13:47:55 -0500},
	Title = {MikroKopter},
	Url = {http://www.mikrokopter.de/},
	Bdsk-Url-1 = {http://www.mikrokopter.de/}}

@webpage{empty0,
	Date-Added = {2010-03-03 17:34:26 -0500},
	Date-Modified = {2010-03-04 13:49:20 -0500},
	Title = {Microdrone-Bulgaria},
	Url = {http://www.microdrones-bulgaria.com/},
	Bdsk-Url-1 = {http://www.microdrones-bulgaria.com/}}

@webpage{empty1,
	Date-Added = {2010-03-03 17:32:13 -0500},
	Date-Modified = {2010-03-04 13:49:24 -0500},
	Title = {Dragonfly Innovations},
	Url = {http://www.draganfly.com/},
	Bdsk-Url-1 = {http://www.draganfly.com/}}

@inproceedings{ValBetPAGNCC06,
	Author = {M Valenti and B. Bethke and G. Fiore and J. How},
	Booktitle = {Proceedings of the AIAA Guidance, Navigation and Control Conference},
	Date-Added = {2010-03-03 17:21:30 -0500},
	Date-Modified = {2010-03-03 17:22:44 -0500},
	Title = {Indoor Multi-Vehicle Flight Testbed for Fault Detection, Indoor multi-vehicle flight testbed for fault detection, isolation, and recovery},
	Year = {2006}}

@article{CasLozICSM05,
	Author = {P. Castillo and R. Lozano and A. Dzul},
	Date-Added = {2010-03-03 17:10:37 -0500},
	Date-Modified = {2010-03-03 17:11:37 -0500},
	Journal = {IEEE Control System Magazine},
	Pages = {45--55},
	Title = {Stabilization of a Mini Rotorcraft with Four Rotors},
	Year = {2005}}

@book{Qu98,
	Address = {New York, NY, USA},
	Author = {Qu, Zhihua},
	Date-Added = {2010-03-01 18:24:56 -0500},
	Date-Modified = {2010-03-01 18:25:03 -0500},
	Isbn = {0471115894},
	Publisher = {John Wiley \& Sons, Inc.},
	Title = {Robust Control of Nonlinear Uncertain Systems},
	Year = {1998}}

@article{PouMahACRA06,
	Author = {P. Pounds and R. Mahony and P. Corke},
	Date-Added = {2009-11-06 17:28:26 -0500},
	Date-Modified = {2010-08-10 11:32:33 -0400},
	Journal = {Control Engineering Practice},
	Pages = {691--699},
	Title = {Modeling and Control of a Large quadrotor robot},
	Volume = {18},
	Year = {2010}}

@inproceedings{HofHuaAGNCC07,
	Author = {G. Hoffmann and H. Huang and S. Waslander and C. Tomlin},
	Booktitle = {Proceedings of the AIAA Guidance, Navigation, and Control Conference},
	Date-Added = {2009-10-28 15:09:42 -0400},
	Date-Modified = {2010-03-03 17:22:58 -0500},
	Note = {{A}IAA 2007-6461},
	Title = {Quadrotor Helicopter Flight Dynamics and Control: Theory and Experiment},
	Year = {2007}}
