%% This BibTeX bibliography file was created using BibDesk.
%% http://bibdesk.sourceforge.net/


%% Created for Taeyoung Lee at 2015-08-12 13:12:15 -0400 


%% Saved with string encoding Unicode (UTF-8) 



@article{MonITAC67,
	Author = {R. Monzingo},
	Date-Added = {2015-08-12 17:10:27 +0000},
	Date-Modified = {2015-08-12 17:12:15 +0000},
	Journal = {IEEE Transactions on Automatic Control},
	Number = {3},
	Pages = {314--315},
	Title = {A note on sensitivity of system observability},
	Volume = {12},
	Year = {1967}}

@inproceedings{BroPNEC66,
	Author = {R. Brown},
	Booktitle = {Proceedings of the National Electronic Conference},
	Date-Added = {2015-08-12 17:09:20 +0000},
	Date-Modified = {2015-08-12 17:10:25 +0000},
	Pages = {709--714},
	Title = {Not just observable, but how observable},
	Volume = {22},
	Year = {1966}}

@article{MulWebA72,
	Author = {P. M\"{u}ller and H. Weber},
	Date-Added = {2015-08-11 21:20:46 +0000},
	Date-Modified = {2015-08-11 21:21:32 +0000},
	Journal = {Automatica},
	Number = {3},
	Pages = {237--246},
	Title = {Analysis and optimization of certain qualities of controllability and observability for linear dynamical systems},
	Volume = {8},
	Year = {1972}}

@book{Nijvan90,
	Author = {H. Nijmeijer and A. {van der Schaft}},
	Date-Added = {2015-05-05 18:22:28 +0000},
	Date-Modified = {2015-05-05 18:23:45 +0000},
	Publisher = {Springer},
	Title = {Nonlinear Dynamical Control Systems},
	Year = {1990}}

@inproceedings{NewLovPra14,
	Author = {B. Newman and T. Lovell and E. Pratt},
	Booktitle = {Proceedings of the AAS-AIAA Spaceflight Mechanics Meeting},
	Month = january,
	Title = {Second Order Nonlinear Initial Orbit Determination for Relative Motion Using Volterra Theory},
	Year = {2014}}

@inproceedings{PraLovNew14,
	Author = {E. Pratt and T. Lovell and B. Newman},
	Booktitle = {Proceedings of the AAS-AIAA Spaceflight Mechanics Meeting},
	Month = january,
	Title = {A Second Order Method for Initial Relative Orbit Determination Using Angles-Only Observations},
	Year = {2014}}

@inproceedings{LovLeePISSFD14,
	Author = {T. Lovell and T. Lee},
	Booktitle = {Proceedings of the International Symposium on Space Flight Dynamics},
	Date-Added = {2014-09-15 20:26:37 +0000},
	Date-Modified = {2014-09-15 20:26:37 +0000},
	Key = {GE},
	Month = may,
	Title = {Nonlinear Observability for Relative Satellite Orbits with Angles-Only Measurements},
	Year = {2014}}

@article{HerKreITAC77,
	Author = {R. Hermann and A. J. Krener},
	Date-Added = {2014-09-15 20:21:41 +0000},
	Date-Modified = {2014-09-15 20:21:41 +0000},
	Journal = {IEEE Transactions on Automatic Control},
	Number = {5},
	Pages = {728--740},
	Title = {Nonlinear Controllability and Observability},
	Volume = {22},
	Year = {1977}}

@article{WofGelITAES09,
	Author = {D. Woffinden and D. Geller},
	Date-Added = {2014-09-15 20:21:41 +0000},
	Date-Modified = {2014-09-15 20:21:41 +0000},
	Journal = {IEEE Transactions on Aerospace and Electronic Systems},
	Number = {3},
	Pages = {1194--1208},
	Title = {Observability Criteria for Angles-Only Navigation},
	Volume = {45},
	Year = {2009}}

@inproceedings{YimCraPASMM04,
	Author = {J. Yim and J. Crassidis and J. Junkins},
	Booktitle = {Proceedings of the AAS/AIAA Spaceflight Mechanics Meeting},
	Date-Added = {2014-09-15 20:21:41 +0000},
	Date-Modified = {2014-09-15 20:21:41 +0000},
	Note = {AAS 04-257},
	Title = {Autonomous Orbit Navigation of Two Spacecraft System Using Relative Line of Sight Vector Measurements},
	Year = {2004}}

@inproceedings{PatLovPASFMM12,
	Author = {H. Patel and T. A. Lovell and S. Allgeier and R. Russell and A. Sinclair},
	Booktitle = {Proceedings of the AAS/AIAA Space Flight Mechanics Meeting},
	Date-Added = {2014-09-15 20:21:41 +0000},
	Date-Modified = {2014-09-15 20:21:41 +0000},
	Note = {AAS 12-202},
	Title = {Relative Navigation for Satellites in Close Proximity using Angles-Only Observations},
	Year = {2012}}

@phdthesis{Tom11,
	Author = {J. Tombasco},
	Date-Added = {2014-09-15 20:21:41 +0000},
	Date-Modified = {2014-09-15 20:21:41 +0000},
	School = {University of Colorado},
	Title = {Orbit Estimation of Geosynchronous Objects via Ground-Based and Space-Based Optical Tracking},
	Year = {2011}}

@article{doe2005,
	Author = {Jane L. Doe and John Q. Public},
	Journal = {Nonlinear Dynamics},
	Number = {3},
	Pages = {71--92},
	Title = {The Parameterization of the Rotation Matrix using Redundant Attitude Coordinates},
	Volume = {32},
	Year = {2005}}

@book{style1959,
	Address = {New York 17, New York},
	Edition = {2nd},
	Publisher = {American Institute of Physics},
	Title = {Style Manual},
	Year = {1959}}

@article{SchSCL93,
	Author = {J. Scherpen},
	Journal = {Systems and Control Letters},
	Pages = {143--153},
	Title = {Balancing for Nonlinear Systems},
	Volume = {21},
	Year = {1993}}

@misc{Sch94,
	Author = {J. Scherpen},
	Howpublished = {Ph.D. dissertation},
	Note = {University of Twente},
	Title = {Balancing for Nonlinear Systems},
	Year = {1994}}

@inproceedings{NewKriPICDC98,
	Author = {A. Newman and P. Krishnaprasad},
	Booktitle = {Proceedings of the IEEE Conference on Decision and Control},
	Pages = {4103--4104},
	Title = {Computation for Nonlinear Balancing},
	Year = {1998}}

@inproceedings{LalMarPIWC99,
	Author = {S. Lall and J. Marsden and S. Glavaski},
	Booktitle = {Proceedings of the IFAC World Congress},
	Title = {Empirical Model Reduction of Controlled Nonlinear Systems},
	Year = {1999}}

@article{LalMarIJRNC02,
	Author = {S. Lall and J. Marsden and S. Glavaski},
	Date-Modified = {2015-05-05 19:43:50 +0000},
	Journal = {International Journal of Robust and Nonlinear Control},
	Number = {6},
	Pages = {519--539},
	Title = {A Subspace Approach to Balanced Truncation for Model Reduction of Nonlinear Control Systems},
	Volume = {12},
	Year = {2002}}

@article{HahEdgJPC03,
	Author = {J. Hahn and T. Edgar and W. Marquardt},
	Journal = {Journal of Process Control},
	Pages = {115--127},
	Title = {Controllability and Observability Covariance Matrices for the Analysis and Order Reduction of Stable Nonlinear Systems},
	Volume = {13},
	Year = {2003}}

@article{HahEdgCCE02,
	Author = {J. Hahn and T. Edgar},
	Journal = {Computers and Chemical Engineering},
	Pages = {1379--1397},
	Title = {An Improved Method for Nonlinear Model Reduction using Balancing of Empirical Gramians},
	Volume = {26},
	Year = {2002}}

@inproceedings{KreIdePICDC09,
	Author = {A. Krener and K. Ide},
	Booktitle = {Proceedings of the IEEE Conference on Decision and Control},
	Pages = {6401--6406},
	Title = {Measures of Unobservability},
	Year = {2009}}
