%% This BibTeX bibliography file was created using BibDesk.
%% http://bibdesk.sourceforge.net/


%% Created for Taeyoung Lee at 2014-04-23 14:49:59 -0400 


%% Saved with string encoding Unicode (UTF-8) 



@inproceedings{YimCraPASMM04,
	Author = {J. Yim and J. Crassidis and J. Junkins},
	Booktitle = {Proceedings of the AAS/AIAA Spaceflight Mechanics Meeting},
	Date-Added = {2014-04-23 18:41:09 +0000},
	Date-Modified = {2014-04-23 18:49:59 +0000},
	Note = {AAS 04-257},
	Title = {Autonomous Orbit Navigation of Two Spacecraft System Using Relative Line of Sight Vector Measurements},
	Year = {2004}}

@article{HerKreITAC77,
	Author = {R. Hermann and A. J. Krener},
	Date-Added = {2014-04-23 18:18:22 +0000},
	Date-Modified = {2014-04-23 18:19:14 +0000},
	Journal = {IEEE Transactions on Automatic Control},
	Number = {5},
	Pages = {728--740},
	Title = {Nonlinear Controllability and Observability},
	Volume = {22},
	Year = {1977}}

@inproceedings{PatLovPASFMM12,
	Author = {H. Patel and T. A. Lovell and S. Allgeier and R. Russell and A. Sinclair},
	Booktitle = {In Proceedings of the AAS/AIAA Space Flight Mechanics Meeting},
	Date-Added = {2014-04-23 18:16:57 +0000},
	Date-Modified = {2014-04-23 18:18:19 +0000},
	Note = {AAS 12-202},
	Title = {Relative Navigation for Satellites in Close Proximity using Angles-Only Observations},
	Year = {2012}}

@phdthesis{Tom11,
	Author = {J. Tombasco},
	Date-Added = {2014-04-23 18:16:02 +0000},
	Date-Modified = {2014-04-23 18:16:35 +0000},
	School = {University of Colorado},
	Title = {Orbit Estimation of Geosynchronous Objects via Ground-Based and Space-Based Optical Tracking},
	Year = {2011}}

@article{WofGelITAES09,
	Author = {D. Woffinden and D. Geller},
	Date-Added = {2014-04-23 18:15:14 +0000},
	Date-Modified = {2014-04-23 18:15:59 +0000},
	Journal = {IEEE Transactions on Aerospace and Electronic Systems},
	Number = {3},
	Pages = {1194--1208},
	Title = {Observability Criteria for Angles-Only Navigation},
	Volume = {45},
	Year = {2009}}
